2975 4959
1168 281 1653 352 ...79-

1354 504 1408 571 §·
1462 495 1515 554 ι.

434 642 446 656 ’
507 638 550 701 1.
646 636 726 701 Τὸ
769 643 890 702 πᾶν
934 638 1187 723 κίνησις,
1228 645 1336 704 καί
1375 634 1529 704 ἄλλο
1571 642 1744 723 παρά
1785 642 1968 704 τοῦτο
2010 641 2208 705 οὐδέν.

503 772 589 840 Ita
635 773 778 835 Plat.
832 773 1069 837 Theaet.
1115 793 1252 857 pag.
1304 776 1439 838 156.
1480 777 1537 838 Α
1581 776 1862 840 Socrates
1910 794 2041 837 eam
2089 776 2331 839 exhibet
2369 777 2520 840 Pro-

343 887 593 962 tagorae
638 882 1034 957 sententiam,
1097 901 1250 963 quae
1310 884 1660 964 placitorum
1705 885 1835 947 eius
1878 885 2136 947 omnium
2182 886 2259 946 sit
2302 873 2524 948 funda-

342 995 621 1064 mentum,
661 988 799 1066 vel,
833 995 897 1051 ut
940 989 1126 1070 ipsius
1176 990 1377 1052 verbis
1421 998 1587 1070 utar,
1630 989 1827 1073 ἀρχή,
1866 991 1932 1066 ἐξ
1974 982 2046 1074 ἧς
2092 988 2296 1054 πάντα
2341 982 2528 1075 ἤρτη-

342 1118 466 1158 ται.
547 1096 900 1190 Universum
941 1103 1035 1159 est
1077 1100 1300 1177 motio,
1356 1115 1554 1179 neque
1606 1099 1922 1181 quidquam
1962 1105 2055 1162 est
2102 1105 2342 1180 praeter
2387 1117 2528 1162 mo-

345 1205 586 1266 tionem.
674 1204 899 1278 Quibus
943 1205 1143 1268 verbis
1185 1206 1360 1287 plane
1403 1214 1681 1288 apparet,
1738 1223 1860 1270 non
1904 1208 2208 1270 materiam
2255 1207 2529 1287 qualem-

346 1328 578 1391 cunque
619 1329 759 1374 sese
795 1319 1129 1374 moventem
1176 1331 1211 1375 a
1255 1313 1586 1396 Protagora
1652 1317 1831 1378 statui
1875 1332 1953 1376 ex
1994 1332 2108 1394 qua
2153 1317 2350 1378 omnia
2396 1316 2528 1378 ori-

345 1426 552 1497 antur,
608 1419 717 1481 sed
773 1438 995 1483 meram
1056 1422 1398 1485 motionem.
1486 1421 1616 1495 Qua
1674 1424 1734 1484 in
1791 1440 1860 1484 re
1903 1441 2034 1485 cum
2080 1423 2382 1486 Heraclito
2429 1430 2525 1486 to-

344 1533 437 1589 tus
503 1530 818 1609 congruit,
889 1530 1055 1590 cuius
1113 1529 1270 1611 ignis
1323 1547 1444 1592 non
1502 1536 1632 1608 est,
1694 1535 1757 1593 ut
1798 1529 2058 1592 Thaletis
2107 1548 2304 1611 aqua,
2362 1532 2529 1593 Ana-

344 1637 600 1701 ximenis
662 1639 800 1711 aer,
865 1653 1219 1716 corporeum
1285 1637 1523 1716 aliquod
1586 1638 1844 1700 omnium
1890 1656 2088 1700 rerum
2149 1639 2522 1719 principium,

349 1743 458 1805 sed
518 1745 718 1826 imago
777 1744 1109 1825 quaedam,
1170 1763 1284 1826 qua
1342 1746 1568 1824 motio,
1627 1763 1705 1832 eg(
1765 1763 1879 1827 qua
1938 1746 2135 1808 omnia
2181 1746 2526 1828 gignuntur,

348 1852 518 1932 quasi
576 1852 1004 1918 manifestatur.
1093 1852 1266 1925 Quod
1322 1854 1482 1916 enim
1529 1856 1744 1916 Sextus
1790 1853 2122 1933 Empiricus
2178 1854 2254 1916 de
2310 1854 2525 1916 Prota-

345 1977 499 2042 gora
564 1960 791 2040 profert
842 1961 1130 2042 Pyrrhon.
1192 1962 1403 2041 Hypot.
1446 1962 1547 2024 lib.
1613 1961 1661 2023 1.
1712 1978 1841 2041 cap.
1885 1962 1997 2024 32:
2068 1958 2274 2044 Φησίν
2328 1953 2441 2024 οὖν
2489 1957 2526 2024 ὅ

343 2064 527 2149 α’νήρ,
573 2065 687 2149 τῆν
747 2060 905 2150 ὕλην
947 2065 1212 2151 ῥευστὴν
1275 2060 1478 2147 εἶναι,
1547 2061 1814 2151 ῥεούσης
1872 2068 1942 2129 δὲ
1987 2066 2184 2146 αὐτῆς
2244 2068 2527 2147 συνεχῶς

346 2178 721 2257 προσθέσεις
764 2167 911 2238 α’ντί
948 2178 1070 2239 τῶν
1113 2174 1569 2259 α’ποφορήσεων
1605 2176 1949 2255 γίγνεσθαι,
1989 2179 2050 2236 et
2094 2174 2214 2235 alio
2253 2176 2522 2237 eiusdem

352 2283 563 2363 capitis
589 2282 757 2344 loco:
791 2284 989 2363 Λέγει.
1014 2283 1083 2344 δὲ
1108 2283 1217 2344 καί
1242 2277 1391 2353 τούς
1416 2280 1639 2361 λόγους
1666 2276 1913 2342 πάντων
1953 2284 2079 2342 τῶν
2123 2284 2523 2365 φαινομένων

345 2388 722 2452 ὑποκεῖσθαι
766 2391 832 2452 ἐν
874 2391 949 2475 τῇ
990 2382 1107 2476 ὕλῃ
1149 2428 1229 2437 --
1276 2388 1417 2450 inde
1457 2405 1828 2469 nequaquam
1876 2387 2168 2465 efficitur,
2228 2388 2524 2469 Protago-

346 2513 470 2558 ram
512 2498 814 2559 materiam
863 2496 1330 2577 qualemcunque
1371 2495 1597 2559 dixisse
1638 2513 1834 2558 rerum
1879 2496 2147 2558 initium.-
2202 2496 2322 2558 vid.
2359 2502 2413 2570 §.
2460 2496 2521 2560 6.

514 2645 584 2707 Π.
667 2646 758 2708 Ἐκ
803 2648 872 2709 δὲ
912 2645 989 2726 δὴ
1037 2647 1242 2727 φορᾶς
1286 2667 1348 2706 τε
1395 2647 1505 2706 καί
1542 2645 1841 2724 κινήσεως
1898 2647 2007 2705 καί
2045 2641 2325 2727 κράσεως
2366 2642 2524 2725 πρὸς
2567 2681 2574 2690 -

348 2746 586 2835 ἄλληλα
642 2754 918 2834 γίγνεται
963 2751 1164 2815 πάντα
1189 2801 1209 2834 ,
1268 2749 1309 2816 ἃ
1353 2749 1430 2834 δή
1473 2773 1686 2836 φαμεν
1725 2745 1888 2814 εἶναι
1928 2752 2041 2813 ov’x
2078 2749 2288 2831 ὀρθῶς
2328 2772 2523 2833 προσ-

346 2862 771 2943 αγορεύοντες.
1887 2863 1900 2874 “

347 2994 588 3060 Theaet.
647 3011 785 3075 pag.
838 2985 970 3055 15'2.
1026 2992 1096 3059 D.
1156 3030 1241 3040 —
1303 2991 1595 3053 Continua
1666 2990 1846 3072 igitur
1910 2989 2177 3052 motione
2237 2996 2298 3053 et
2356 2989 2521 3054 fluxu

348 3108 409 3165 et
448 3103 660 3164 virium
703 3101 1145 3164 contrariarum
1180 3117 1516 3180 congressu
1570 3116 1670 3161 res
1729 3116 1941 3162 omnes
2000 3115 2147 3180 quas
2201 3115 2316 3162 nos
2370 3116 2521 3161 sen-

347 3211 520 3272 timus
563 3211 905 3291 gignuntur.
994 3210 1181 3283 Quum
1226 3225 1372 3271 vero
1412 3207 1606 3271 fluxus
1652 3206 1845 3271 nullus
1888 3207 1965 3270 sit
1995 3208 2149 3285 finis,
2189 3208 2367 3270 etiam
2410 3226 2522 3269 re-

345 3307 473 3379 r‘um
540 3318 766 3380 creatio
824 3323 914 3379 est
973 3316 1219 3379 infinita.
1303 3315 1458 3378 Nihil
1526 3317 1684 3376 enim
1747 3332 2001 3395 unquam
2065 3332 2141 3377 eo
2202 3316 2520 3395 pervenire

345 3431 583 3505 potest,
641 3431 706 3487 ut
744 3425 1023 3487 motionis
1065 3424 1140 3485 sit
1179 3439 1420 3503 expers·
1509 3421 1704 3495 Quare
1747 3439 1864 3484 nos
1907 3421 2061 3483 falso
2109 3421 2311 3483 dicere
2350 3420 2520 3483 sole-

343 3550 492 3611 mus,
532 3551 634 3596 res
670 3550 805 3594 esse
823 3551 847 3606 ,·
891 3551 1027 3594 nam
1072 3530 1231 3611 quod
1271 3546 1511 3610 semper
1552 3529 1647 3612 fit,
1693 3546 1816 3592 non
1865 3535 1978 3610 est.
2061 3529 2137 3593 Ut
2180 3526 2334 3609 apud
2378 3528 2519 3591 Pla-

345 3645 543 3703 tonem
586 3642 855 3726 proxime
898 3641 1197 3720 sequiturz
2401 3657 2406 3660 ·

504 3787 602 3849 111.
669 3780 859 3852 Ἔστι
896 3788 1015 3867 μὲν
1055 3784 1174 3869 γάρ
1223 3784 1505 3850 οὐδέποτ’
1552 3784 1760 3864 οὐδέν,
1800 3787 1907 3849 αἐἰ
1945 3785 2015 3848 δὲ
2054 3788 2350 3866 γίγνεται.

508 3918 872 4000 Protagorae
917 3917 1329 4001 philosophiae
1371 3916 1755 3980 fundamenta
1818 3935 1896 3978 ex
1942 3916 2221 3978 Heracliti
2280 3916 2517 3997 placitis

342 4024 651 4106 desumpta
708 4045 848 4090 esse
905 4034 967 4091 et
1021 4028 1137 4089 iam
1205 4033 1451 4107 apparet
1506 4031 1567 4088 et
1626 4025 2051 4108 progrediente
2114 4025 2515 4106 disputatione

341 4135 521 4197 etiam
563 4135 797 4215 planius
835 4134 953 4198 fiet.
996 4136 1116 4201 Sed
1142 4134 1256 4197 hac
1298 4133 1628 4197 occasione
1667 4134 1866 4196 oblata
1911 4134 2290 4211 sententiam,
2336 4150 2513 4214 quam

339 4241 545 4323 priore
586 4241 793 4306 harum
836 4244 1242 4322 quaestionum
1305 4241 1458 4304 libro
1509 4241 1585 4303 de
1631 4241 1995 4323 Protagorae
2060 4248 2256 4304 aetate
2316 4258 2514 4321 expo-

339 4353 603 4433 suimus,
667 4350 1083 4415 adminiculum
1141 4351 1381 4432 aliquod
1439 4350 1615 4414 etiam
1675 4350 1816 4414 inde
1858 4351 2131 4414 nancisci
2173 4364 2509 4427 monemuS,
