<?xml version="1.0" encoding="UTF-8"?>
<!DOCTYPE html PUBLIC "-//W3C//DTD XHTML 1.0 Transitional//EN"
    "http://www.w3.org/TR/xhtml1/DTD/xhtml1-transitional.dtd">
<html xmlns="http://www.w3.org/1999/xhtml" xml:lang="en" lang="en">
 <head>
  <title>
</title>
<meta http-equiv="Content-Type" content="text/html;charset=utf-8" />
  <meta name='ocr-system' content='tesseract 3.04.00' />
  <meta name='ocr-capabilities' content='ocr_page ocr_carea ocr_par ocr_line ocrx_word'/>
</head>
<body>
  <div class='ocr_page' id='page_1' title='image "./quaestionesprot00freigoog_0185.png"; bbox 0 0 2975 4959; ppageno 0'>
   <div class='ocr_carea' id='block_1_1' title="bbox 1163 244 1703 370">
    <p class='ocr_par' dir='ltr' id='par_1_1' title="bbox 1163 244 1703 370">
     <span class='ocr_line' id='line_1_1' title="bbox 1163 244 1703 370; baseline 0.002 -3"><span class='ocrx_word' id='word_1_1' title='bbox 1163 244 1703 370; x_wconf 52' lang='lat'><strong>—1734-</strong></span> 
     </span>
    </p>
   </div>
   <div class='ocr_carea' id='block_1_2' title="bbox 338 461 2523 2200">
    <p class='ocr_par' dir='ltr' id='par_1_2' title="bbox 338 461 2520 1317">
     <span class='ocr_line' id='line_1_2' title="bbox 346 461 2518 568; baseline 0.002 -24"><span class='ocrx_word' id='word_1_2' title='bbox 346 485 709 563; x_wconf 78' lang='lat' dir='ltr'>Protagorae</span> <span class='ocrx_word' id='word_1_3' title='bbox 752 461 1118 546; x_wconf 79' lang='lat' dir='ltr'>institutione</span> <span class='ocrx_word' id='word_1_4' title='bbox 1161 499 1330 544; x_wconf 86' lang='lat' dir='ltr'>usum</span> <span class='ocrx_word' id='word_1_5' title='bbox 1375 498 1515 543; x_wconf 85' lang='lat' dir='ltr'>esse</span> <span class='ocrx_word' id='word_1_6' title='bbox 1570 500 1648 544; x_wconf 88' lang='lat' dir='ltr'>ex</span> <span class='ocrx_word' id='word_1_7' title='bbox 1695 488 1817 543; x_wconf 87' lang='lat' dir='ltr'>tota</span> <span class='ocrx_word' id='word_1_8' title='bbox 1877 486 2006 544; x_wconf 89' lang='lat' dir='ltr'>eius</span> <span class='ocrx_word' id='word_1_9' title='bbox 2068 490 2278 547; x_wconf 88' lang='lat' dir='ltr'>natura</span> <span class='ocrx_word' id='word_1_10' title='bbox 2342 493 2518 568; x_wconf 87' lang='lat' dir='ltr'>atque</span> 
     </span>
     <span class='ocr_line' id='line_1_3' title="bbox 344 589 2517 671; baseline 0.002 -20"><span class='ocrx_word' id='word_1_11' title='bbox 344 590 593 666; x_wconf 85' lang='lat' dir='ltr'>indole,</span> <span class='ocrx_word' id='word_1_12' title='bbox 653 589 884 669; x_wconf 81' lang='lat' dir='ltr'>qualem</span> <span class='ocrx_word' id='word_1_13' title='bbox 931 607 1007 649; x_wconf 88' lang='lat' dir='ltr'>ex</span> <span class='ocrx_word' id='word_1_14' title='bbox 1048 589 1163 651; x_wconf 92' lang='lat' dir='ltr'>hoc</span> <span class='ocrx_word' id='word_1_15' title='bbox 1207 591 1451 671; x_wconf 82' lang='lat' dir='ltr'>dialogo</span> <span class='ocrx_word' id='word_1_16' title='bbox 1496 591 1923 671; x_wconf 86' lang='lat' dir='ltr'>cognovimus,</span> <span class='ocrx_word' id='word_1_17' title='bbox 1984 590 2141 652; x_wconf 90' lang='lat' dir='ltr'>haud</span> <span class='ocrx_word' id='word_1_18' title='bbox 2184 592 2337 654; x_wconf 89' lang='lat' dir='ltr'>male</span> <span class='ocrx_word' id='word_1_19' title='bbox 2380 594 2517 656; x_wconf 87' lang='lat' dir='ltr'>sor-</span> 
     </span>
     <span class='ocr_line' id='line_1_4' title="bbox 342 697 2513 779; baseline 0.003 -21"><span class='ocrx_word' id='word_1_20' title='bbox 342 703 508 758; x_wconf 83' lang='lat' dir='ltr'><strong>tasse</strong></span> <span class='ocrx_word' id='word_1_21' title='bbox 549 698 858 759; x_wconf 89' lang='lat' dir='ltr'>coniicias.</span> <span class='ocrx_word' id='word_1_22' title='bbox 920 697 1264 777; x_wconf 81' lang='lat' dir='ltr'><strong>Quanquam</strong></span> <span class='ocrx_word' id='word_1_23' title='bbox 1290 697 1541 777; x_wconf 80' lang='lat' dir='ltr'>Epicteti</span> <span class='ocrx_word' id='word_1_24' title='bbox 1584 697 1785 759; x_wconf 86' lang='lat' dir='ltr'>verbis</span> <span class='ocrx_word' id='word_1_25' title='bbox 1826 698 1982 760; x_wconf 86' lang='lat' dir='ltr'>Diss.</span> <span class='ocrx_word' id='word_1_26' title='bbox 2025 698 2129 761; x_wconf 86' lang='lat' dir='ltr'>lib.</span> <span class='ocrx_word' id='word_1_27' title='bbox 2153 698 2249 760; x_wconf 90' lang='lat'>111.</span> <span class='ocrx_word' id='word_1_28' title='bbox 2293 703 2513 779; x_wconf 85' lang='lat' dir='ltr'>cap.5=</span> 
     </span>
     <span class='ocr_line' id='line_1_5' title="bbox 345 795 2517 888; baseline 0.001 -22"><span class='ocrx_word' id='word_1_29' title='bbox 345 806 562 867; x_wconf 80' lang='grc' dir='ltr'><strong><em>Ταῦτα</em></strong></span> <span class='ocrx_word' id='word_1_30' title='bbox 619 796 698 885; x_wconf 77' lang='grc' dir='ltr'>ἦν</span> <span class='ocrx_word' id='word_1_31' title='bbox 743 800 790 865; x_wconf 72' lang='grc' dir='ltr'>ἃ</span> <span class='ocrx_word' id='word_1_32' title='bbox 833 795 972 888; x_wconf 73' lang='grc' dir='ltr'>ᾔδει</span> <span class='ocrx_word' id='word_1_33' title='bbox 1017 802 1383 886; x_wconf 75' lang='grc' dir='ltr'><strong><em>Σωκράτης·</em></strong></span> <span class='ocrx_word' id='word_1_34' title='bbox 1469 803 1580 867; x_wconf 81' lang='grc' dir='ltr'>καί</span> <span class='ocrx_word' id='word_1_35' title='bbox 1632 797 1803 883; x_wconf 76' lang='grc' dir='ltr'><strong><em>ὅμως</em></strong></span> <span class='ocrx_word' id='word_1_36' title='bbox 1854 806 2134 869; x_wconf 78' lang='grc' dir='ltr'><em>ου’δέποτ’</em></span> <span class='ocrx_word' id='word_1_37' title='bbox 2194 801 2364 870; x_wconf 77' lang='grc' dir='ltr'><strong><em>εἶπεν</em></strong></span> <span class='ocrx_word' id='word_1_38' title='bbox 2421 802 2517 873; x_wconf 74' lang='grc' dir='ltr'>ὅτι</span> 
     </span>
     <span class='ocr_line' id='line_1_6' title="bbox 341 903 2514 996; baseline 0.001 -24"><span class='ocrx_word' id='word_1_39' title='bbox 341 903 472 973; x_wconf 79' lang='grc' dir='ltr'>οἶδέ</span> <span class='ocrx_word' id='word_1_40' title='bbox 513 933 571 973; x_wconf 80' lang='grc' dir='ltr'>τι</span> <span class='ocrx_word' id='word_1_41' title='bbox 617 906 658 993; x_wconf 80' lang='grc' dir='ltr'><em>ἢ</em></span> <span class='ocrx_word' id='word_1_42' title='bbox 707 908 1010 976; x_wconf 68' lang='grc' dir='ltr'><strong>διδάσκει.</strong></span> <span class='ocrx_word' id='word_1_43' title='bbox 1098 911 1158 973; x_wconf 78' lang='grc' dir='ltr'>εἰ</span> <span class='ocrx_word' id='word_1_44' title='bbox 1214 913 1284 972; x_wconf 82' lang='grc' dir='ltr'>δέ</span> <span class='ocrx_word' id='word_1_45' title='bbox 1342 934 1433 984; x_wconf 83' lang='grc' dir='ltr'>τις</span> <span class='ocrx_word' id='word_1_46' title='bbox 1488 912 1759 988; x_wconf 76' lang='grc' dir='ltr'><strong><em>λεξείὸια</em></strong></span> <span class='ocrx_word' id='word_1_47' title='bbox 1819 903 1955 996; x_wconf 77' lang='grc' dir='ltr'><strong><em>ᾔτει</em></strong></span> <span class='ocrx_word' id='word_1_48' title='bbox 2019 904 2059 993; x_wconf 77' lang='grc' dir='ltr'><strong><em>ἢ</em></strong></span> <span class='ocrx_word' id='word_1_49' title='bbox 2100 910 2514 994; x_wconf 78' lang='grc' dir='ltr'><em>θεωρήματα,</em></span> 
     </span>
     <span class='ocr_line' id='line_1_7' title="bbox 341 1013 2515 1101; baseline 0.002 -22"><span class='ocrx_word' id='word_1_50' title='bbox 341 1018 542 1098; x_wconf 77' lang='grc' dir='ltr'><em>α’πῆγε</em></span> <span class='ocrx_word' id='word_1_51' title='bbox 575 1013 726 1098; x_wconf 82' lang='grc' dir='ltr'><strong><em>πρὸς</em></strong></span> <span class='ocrx_word' id='word_1_52' title='bbox 750 1014 1218 1101; x_wconf 79' lang='grc' dir='ltr'><em>Πρωταγόραν,</em></span> <span class='ocrx_word' id='word_1_53' title='bbox 1266 1013 1705 1098; x_wconf 78' lang='grc' dir='ltr'><strong><em>πρὸςἾππιάν,</em></strong></span> <span class='ocrx_word' id='word_1_54' title='bbox 1753 1020 1962 1099; x_wconf 87' lang='lat' dir='ltr'>quibus</span> <span class='ocrx_word' id='word_1_55' title='bbox 1987 1020 2062 1081; x_wconf 87' lang='lat' dir='ltr'>ad</span> <span class='ocrx_word' id='word_1_56' title='bbox 2082 1020 2337 1083; x_wconf 79' lang='lat' dir='ltr'>Platonis</span> <span class='ocrx_word' id='word_1_57' title='bbox 2357 1016 2515 1085; x_wconf 73' lang='lat' dir='ltr'>Prot.</span> 
     </span>
     <span class='ocr_line' id='line_1_8' title="bbox 343 1113 2520 1213; baseline 0.003 -28"><span class='ocrx_word' id='word_1_58' title='bbox 343 1123 384 1186; x_wconf 92' lang='lat' dir='ltr'>l.</span> <span class='ocrx_word' id='word_1_59' title='bbox 427 1120 490 1200; x_wconf 89' lang='grc'>1.,</span> <span class='ocrx_word' id='word_1_60' title='bbox 535 1124 638 1187; x_wconf 90' lang='lat' dir='ltr'>ubi</span> <span class='ocrx_word' id='word_1_61' title='bbox 692 1124 1082 1205; x_wconf 78' lang='lat' dir='ltr'>Hippocrates</span> <span class='ocrx_word' id='word_1_62' title='bbox 1126 1143 1158 1186; x_wconf 92' lang='lat' dir='ltr'>a</span> <span class='ocrx_word' id='word_1_63' title='bbox 1189 1113 1849 1206; x_wconf 78' lang='lat' dir='ltr'>socrate&#39;Protagorae</span> <span class='ocrx_word' id='word_1_64' title='bbox 1889 1127 1951 1188; x_wconf 90' lang='lat' dir='ltr'>in</span> <span class='ocrx_word' id='word_1_65' title='bbox 1995 1126 2360 1213; x_wconf 83' lang='lat' dir='ltr'>disciplinam</span> <span class='ocrx_word' id='word_1_66' title='bbox 2390 1135 2520 1191; x_wconf 89' lang='lat' dir='ltr'>tra-</span> 
     </span>
     <span class='ocr_line' id='line_1_9' title="bbox 338 1230 2284 1317; baseline 0.003 -24"><span class='ocrx_word' id='word_1_67' title='bbox 338 1230 513 1310; x_wconf 88' lang='lat' dir='ltr'>ditur,</span> <span class='ocrx_word' id='word_1_68' title='bbox 555 1231 774 1311; x_wconf 86' lang='lat' dir='ltr'>respici</span> <span class='ocrx_word' id='word_1_69' title='bbox 818 1232 976 1297; x_wconf 90' lang='lat' dir='ltr'>illum</span> <span class='ocrx_word' id='word_1_70' title='bbox 1023 1239 1313 1317; x_wconf 44' lang='lat' dir='ltr'>apparet„</span> <span class='ocrx_word' id='word_1_71' title='bbox 1339 1233 1416 1294; x_wconf 91' lang='lat' dir='ltr'>ob</span> <span class='ocrx_word' id='word_1_72' title='bbox 1461 1231 1755 1313; x_wconf 79' lang='lat' dir='ltr'>idipsum</span> <span class='ocrx_word' id='word_1_73' title='bbox 1796 1234 1942 1296; x_wconf 85' lang='lat' dir='ltr'>nihil</span> <span class='ocrx_word' id='word_1_74' title='bbox 1983 1234 2284 1315; x_wconf 86' lang='lat' dir='ltr'>probatur.</span> 
     </span>
    </p>

    <p class='ocr_par' dir='ltr' id='par_1_3' title="bbox 339 1339 2523 2200">
     <span class='ocr_line' id='line_1_10' title="bbox 437 1339 2523 1423; baseline 0.002 -27"><span class='ocrx_word' id='word_1_75' title='bbox 437 1387 443 1395; x_wconf 94' lang='lat'>.</span> <span class='ocrx_word' id='word_1_76' title='bbox 498 1339 862 1400; x_wconf 91' lang='lat' dir='ltr'>Paralum</span> <span class='ocrx_word' id='word_1_77' title='bbox 924 1345 1101 1419; x_wconf 91' lang='lat' dir='ltr'>atque</span> <span class='ocrx_word' id='word_1_78' title='bbox 1149 1339 1547 1419; x_wconf 82' lang='lat' dir='ltr'>Xanthippum</span> <span class='ocrx_word' id='word_1_79' title='bbox 1605 1340 1759 1402; x_wconf 86' lang='lat' dir='ltr'>filios</span> <span class='ocrx_word' id='word_1_80' title='bbox 1824 1359 1859 1403; x_wconf 89' lang='lat' dir='ltr'>a</span> <span class='ocrx_word' id='word_1_81' title='bbox 1922 1342 2151 1404; x_wconf 86' lang='lat' dir='ltr'>Pericle</span> <span class='ocrx_word' id='word_1_82' title='bbox 2203 1342 2523 1423; x_wconf 80' lang='lat' dir='ltr'>sophistae.</span> 
     </span>
     <span class='ocr_line' id='line_1_11' title="bbox 339 1446 2508 1513; baseline 0.002 -5"><span class='ocrx_word' id='word_1_83' title='bbox 339 1447 581 1508; x_wconf 87' lang='lat' dir='ltr'>maximi</span> <span class='ocrx_word' id='word_1_84' title='bbox 624 1448 935 1509; x_wconf 89' lang='lat' dir='ltr'>aestimato</span> <span class='ocrx_word' id='word_1_85' title='bbox 978 1446 1342 1509; x_wconf 88' lang='lat' dir='ltr'>erudiendos</span> <span class='ocrx_word' id='word_1_86' title='bbox 1389 1447 1575 1508; x_wconf 85' lang='lat' dir='ltr'>fuisse</span> <span class='ocrx_word' id='word_1_87' title='bbox 1612 1447 1863 1510; x_wconf 86' lang='lat' dir='ltr'>traditos</span> <span class='ocrx_word' id='word_1_88' title='bbox 1884 1457 2352 1512; x_wconf 86' lang='lat' dir='ltr'>consentaneum</span> <span class='ocrx_word' id='word_1_89' title='bbox 2396 1457 2508 1513; x_wconf 87' lang='lat' dir='ltr'>est.</span> 
     </span>
     <span class='ocr_line' id='line_1_12' title="bbox 345 1553 2513 1637; baseline 0.002 -21"><span class='ocrx_word' id='word_1_90' title='bbox 345 1554 541 1635; x_wconf 80' lang='lat' dir='ltr'>Atque</span> <span class='ocrx_word' id='word_1_91' title='bbox 580 1554 857 1634; x_wconf 87' lang='lat' dir='ltr'>profecto</span> <span class='ocrx_word' id='word_1_92' title='bbox 890 1553 1054 1634; x_wconf 88' lang='lat' dir='ltr'>apud</span> <span class='ocrx_word' id='word_1_93' title='bbox 1093 1554 1396 1617; x_wconf 86' lang='lat' dir='ltr'>Platonem</span> <span class='ocrx_word' id='word_1_94' title='bbox 1441 1554 1709 1637; x_wconf 22' lang='lat' dir='ltr'>(Prota-g.</span> <span class='ocrx_word' id='word_1_95' title='bbox 1755 1573 1891 1637; x_wconf 90' lang='lat' dir='ltr'>pag.</span> <span class='ocrx_word' id='word_1_96' title='bbox 1911 1555 2055 1619; x_wconf 77' lang='lat'>314.</span> <span class='ocrx_word' id='word_1_97' title='bbox 2083 1557 2131 1618; x_wconf 91' lang='lat' dir='ltr'><strong>E</strong></span> <span class='ocrx_word' id='word_1_98' title='bbox 2174 1564 2234 1620; x_wconf 88' lang='lat' dir='ltr'>et</span> <span class='ocrx_word' id='word_1_99' title='bbox 2264 1557 2405 1626; x_wconf 82' lang='lat'>315.</span> <span class='ocrx_word' id='word_1_100' title='bbox 2425 1559 2513 1633; x_wconf 91' lang='lat' dir='ltr'>A)</span> 
     </span>
     <span class='ocr_line' id='line_1_13' title="bbox 353 1650 2512 1744; baseline 0.003 -22"><span class='ocrx_word' id='word_1_101' title='bbox 353 1662 412 1723; x_wconf 87' lang='lat' dir='ltr'>in</span> <span class='ocrx_word' id='word_1_102' title='bbox 453 1664 741 1743; x_wconf 86' lang='lat' dir='ltr'>proximis</span> <span class='ocrx_word' id='word_1_103' title='bbox 766 1650 1134 1744; x_wconf 78' lang='lat' dir='ltr'>Protagorae</span> <span class='ocrx_word' id='word_1_104' title='bbox 1182 1663 1551 1726; x_wconf 85' lang='lat' dir='ltr'>auditoribus</span> <span class='ocrx_word' id='word_1_105' title='bbox 1597 1670 2016 1727; x_wconf 79' lang='lat' dir='ltr'>memorantur.</span> <span class='ocrx_word' id='word_1_106' title='bbox 2089 1666 2315 1728; x_wconf 90' lang='lat' dir='ltr'>Patrem</span> <span class='ocrx_word' id='word_1_107' title='bbox 2355 1666 2512 1728; x_wconf 89' lang='lat' dir='ltr'>nulla</span> 
     </span>
     <span class='ocr_line' id='line_1_14' title="bbox 349 1770 2511 1855; baseline 0.003 -24"><span class='ocrx_word' id='word_1_108' title='bbox 349 1788 428 1832; x_wconf 88' lang='lat' dir='ltr'>ex</span> <span class='ocrx_word' id='word_1_109' title='bbox 470 1777 639 1851; x_wconf 88' lang='lat' dir='ltr'>parte</span> <span class='ocrx_word' id='word_1_110' title='bbox 684 1787 978 1850; x_wconf 89' lang='lat' dir='ltr'>aequasse</span> <span class='ocrx_word' id='word_1_111' title='bbox 1018 1770 1327 1835; x_wconf 85' lang='lat' dir='ltr'>videntur:</span> <span class='ocrx_word' id='word_1_112' title='bbox 1375 1771 1537 1832; x_wconf 85' lang='lat' dir='ltr'>conf.</span> <span class='ocrx_word' id='word_1_113' title='bbox 1580 1789 1715 1852; x_wconf 89' lang='lat' dir='ltr'>pag.</span> <span class='ocrx_word' id='word_1_114' title='bbox 1768 1772 1909 1834; x_wconf 86' lang='lat'>319.</span> <span class='ocrx_word' id='word_1_115' title='bbox 1939 1772 2009 1850; x_wconf 88' lang='lat' dir='ltr'>E,</span> <span class='ocrx_word' id='word_1_116' title='bbox 2049 1773 2243 1836; x_wconf 89' lang='lat' dir='ltr'>Alcib.</span> <span class='ocrx_word' id='word_1_117' title='bbox 2281 1772 2325 1835; x_wconf 89' lang='lat'>1.</span> <span class='ocrx_word' id='word_1_118' title='bbox 2369 1791 2511 1855; x_wconf 88' lang='lat' dir='ltr'>pag.</span> 
     </span>
     <span class='ocr_line' id='line_1_15' title="bbox 349 1862 2517 1958; baseline 0.002 -18"><span class='ocrx_word' id='word_1_119' title='bbox 349 1878 488 1940; x_wconf 83' lang='lat'>118.</span> <span class='ocrx_word' id='word_1_120' title='bbox 531 1879 601 1956; x_wconf 88' lang='lat' dir='ltr'>D,</span> <span class='ocrx_word' id='word_1_121' title='bbox 654 1877 809 1940; x_wconf 83' lang='lat' dir='ltr'>Men.</span> <span class='ocrx_word' id='word_1_122' title='bbox 849 1896 984 1958; x_wconf 90' lang='lat' dir='ltr'>pag.</span> <span class='ocrx_word' id='word_1_123' title='bbox 1006 1878 1105 1940; x_wconf 82' lang='lat'>94.</span> <span class='ocrx_word' id='word_1_124' title='bbox 1130 1878 1196 1939; x_wconf 95' lang='lat' dir='ltr'>B.</span> <span class='ocrx_word' id='word_1_125' title='bbox 1254 1878 1574 1956; x_wconf 88' lang='lat' dir='ltr'>Utrumque</span> <span class='ocrx_word' id='word_1_126' title='bbox 1621 1880 1774 1940; x_wconf 87' lang='lat' dir='ltr'>intra</span> <span class='ocrx_word' id='word_1_127' title='bbox 1821 1886 1960 1941; x_wconf 81' lang='lat' dir='ltr'>octo</span> <span class='ocrx_word' id='word_1_128' title='bbox 2009 1881 2150 1943; x_wconf 90' lang='lat' dir='ltr'>anni</span> <span class='ocrx_word' id='word_1_129' title='bbox 2188 1862 2331 1949; x_wconf 67' lang='lat'>429.</span> <span class='ocrx_word' id='word_1_130' title='bbox 2380 1881 2517 1944; x_wconf 91' lang='lat' dir='ltr'>die-</span> 
     </span>
     <span class='ocr_line' id='line_1_16' title="bbox 345 1986 2513 2068; baseline 0.001 -19"><span class='ocrx_word' id='word_1_131' title='bbox 345 2004 474 2049; x_wconf 86' lang='lat' dir='ltr'>rum</span> <span class='ocrx_word' id='word_1_132' title='bbox 537 1989 786 2067; x_wconf 88' lang='lat' dir='ltr'>spatium</span> <span class='ocrx_word' id='word_1_133' title='bbox 852 1987 1047 2067; x_wconf 88' lang='lat' dir='ltr'>paullo</span> <span class='ocrx_word' id='word_1_134' title='bbox 1108 1994 1248 2049; x_wconf 86' lang='lat' dir='ltr'>ante</span> <span class='ocrx_word' id='word_1_135' title='bbox 1308 1991 1537 2066; x_wconf 90' lang='lat' dir='ltr'>patrem</span> <span class='ocrx_word' id='word_1_136' title='bbox 1602 1986 1936 2067; x_wconf 83' lang='lat' dir='ltr'>pestilentia</span> <span class='ocrx_word' id='word_1_137' title='bbox 2007 1988 2311 2068; x_wconf 86' lang='lat' dir='ltr'>abreptum</span> <span class='ocrx_word' id='word_1_138' title='bbox 2373 2007 2513 2051; x_wconf 88' lang='lat' dir='ltr'>esse</span> 
     </span>
     <span class='ocr_line' id='line_1_17' title="bbox 348 2093 2514 2200; baseline 0 -44"><span class='ocrx_word' id='word_1_139' title='bbox 348 2096 560 2157; x_wconf 83' lang='lat' dir='ltr'>auctor</span> <span class='ocrx_word' id='word_1_140' title='bbox 589 2101 680 2156; x_wconf 91' lang='lat' dir='ltr'>est</span> <span class='ocrx_word' id='word_1_141' title='bbox 711 2096 1071 2176; x_wconf 89' lang='lat' dir='ltr'>Protagoras</span> <span class='ocrx_word' id='word_1_142' title='bbox 1115 2095 1244 2174; x_wconf 81' lang='lat' dir='ltr'>i&#39;pse</span> <span class='ocrx_word' id='word_1_143' title='bbox 1287 2093 1441 2174; x_wconf 91' lang='lat' dir='ltr'>apud</span> <span class='ocrx_word' id='word_1_144' title='bbox 1484 2093 1857 2177; x_wconf 86' lang='lat' dir='ltr'>Plutarchum</span> <span class='ocrx_word' id='word_1_145' title='bbox 1904 2095 2147 2169; x_wconf 78' lang='lat' dir='ltr'>Consol.</span> <span class='ocrx_word' id='word_1_146' title='bbox 2193 2095 2271 2200; x_wconf 30' lang='lat' dir='ltr'>abd</span> <span class='ocrx_word' id='word_1_147' title='bbox 2315 2097 2514 2177; x_wconf 87' lang='lat' dir='ltr'>Apoll.</span> 
     </span>
    </p>
   </div>
   <div class='ocr_carea' id='block_1_3' title="bbox 270 2202 1377 2283">
    <p class='ocr_par' dir='ltr' id='par_1_4' title="bbox 270 2202 1377 2283">
     <span class='ocr_line' id='line_1_18' title="bbox 270 2202 1377 2283; baseline 0 -20"><span class='ocrx_word' id='word_1_148' title='bbox 270 2235 277 2242; x_wconf 93' lang='lat'><em>·</em></span> <span class='ocrx_word' id='word_1_149' title='bbox 361 2220 492 2283; x_wconf 89' lang='lat' dir='ltr'>cap.</span> <span class='ocrx_word' id='word_1_150' title='bbox 538 2202 805 2265; x_wconf 88' lang='lat' dir='ltr'>XXXIII.</span> <span class='ocrx_word' id='word_1_151' title='bbox 855 2202 1005 2277; x_wconf 84' lang='lat' dir='ltr'>(vid.</span> <span class='ocrx_word' id='word_1_152' title='bbox 1049 2220 1185 2282; x_wconf 90' lang='lat' dir='ltr'>pag.</span> <span class='ocrx_word' id='word_1_153' title='bbox 1235 2202 1377 2278; x_wconf 82' lang='lat'>67.)</span> 
     </span>
    </p>
   </div>
   <div class='ocr_carea' id='block_1_4' title="bbox 512 2310 2644 2392">
    <p class='ocr_par' dir='ltr' id='par_1_5' title="bbox 512 2310 2644 2392">
     <span class='ocr_line' id='line_1_19' title="bbox 512 2310 2644 2392; baseline 0.001 -20"><span class='ocrx_word' id='word_1_154' title='bbox 512 2312 553 2372; x_wconf 92' lang='lat' dir='ltr'>P</span> <span class='ocrx_word' id='word_1_155' title='bbox 571 2329 605 2371; x_wconf 90' lang='lat' dir='ltr'>e</span> <span class='ocrx_word' id='word_1_156' title='bbox 624 2330 656 2373; x_wconf 93' lang='lat' dir='ltr'>r</span> <span class='ocrx_word' id='word_1_157' title='bbox 674 2312 690 2371; x_wconf 89' lang='lat' dir='ltr'>i</span> <span class='ocrx_word' id='word_1_158' title='bbox 708 2312 827 2373; x_wconf 89' lang='lat' dir='ltr'>cle</span> <span class='ocrx_word' id='word_1_159' title='bbox 847 2331 902 2372; x_wconf 92' lang='lat' dir='ltr'>m</span> <span class='ocrx_word' id='word_1_160' title='bbox 942 2328 1132 2390; x_wconf 85' lang='lat' dir='ltr'>usque</span> <span class='ocrx_word' id='word_1_161' title='bbox 1177 2310 1255 2372; x_wconf 91' lang='lat' dir='ltr'>ad</span> <span class='ocrx_word' id='word_1_162' title='bbox 1297 2317 1548 2372; x_wconf 89' lang='lat' dir='ltr'>mortem</span> <span class='ocrx_word' id='word_1_163' title='bbox 1582 2327 1748 2373; x_wconf 90' lang='lat' dir='ltr'>suam</span> <span class='ocrx_word' id='word_1_164' title='bbox 1774 2328 1905 2373; x_wconf 93' lang='lat' dir='ltr'>cum</span> <span class='ocrx_word' id='word_1_165' title='bbox 1928 2310 2251 2392; x_wconf 86' lang='lat' dir='ltr'>Protagora</span> <span class='ocrx_word' id='word_1_166' title='bbox 2277 2327 2514 2391; x_wconf 85' lang='lat' dir='ltr'>semper</span> <span class='ocrx_word' id='word_1_167' title='bbox 2639 2342 2644 2355; x_wconf 82' lang='lat'>=</span> 
     </span>
    </p>
   </div>
   <div class='ocr_carea' id='block_1_5' title="bbox 338 2417 2588 3792">
    <p class='ocr_par' dir='ltr' id='par_1_6' title="bbox 338 2417 2588 2716">
     <span class='ocr_line' id='line_1_20' title="bbox 347 2417 2512 2498; baseline 0.001 -20"><span class='ocrx_word' id='word_1_168' title='bbox 347 2418 1100 2480; x_wconf 87' lang='lat' dir='ltr'>coniunctissime-vixisse</span> <span class='ocrx_word' id='word_1_169' title='bbox 1140 2418 1238 2479; x_wconf 86' lang='lat' dir='ltr'>lib.</span> <span class='ocrx_word' id='word_1_170' title='bbox 1263 2419 1305 2479; x_wconf 88' lang='lat'>1.</span> <span class='ocrx_word' id='word_1_171' title='bbox 1352 2435 1481 2497; x_wconf 90' lang='lat' dir='ltr'>cap.</span> <span class='ocrx_word' id='word_1_172' title='bbox 1503 2417 1573 2479; x_wconf 92' lang='lat' dir='ltr'>V.</span> <span class='ocrx_word' id='word_1_173' title='bbox 1608 2419 2029 2498; x_wconf 86' lang='lat' dir='ltr'>exposuimus3</span> <span class='ocrx_word' id='word_1_174' title='bbox 2073 2417 2209 2480; x_wconf 90' lang='lat' dir='ltr'>vide</span> <span class='ocrx_word' id='word_1_175' title='bbox 2229 2418 2512 2498; x_wconf 85' lang='lat' dir='ltr'>inprimis</span> 
     </span>
     <span class='ocr_line' id='line_1_21' title="bbox 344 2514 2588 2607; baseline 0.001 -21"><span class='ocrx_word' id='word_1_176' title='bbox 344 2525 483 2593; x_wconf 85' lang='lat' dir='ltr'>Plut.</span> <span class='ocrx_word' id='word_1_177' title='bbox 524 2527 731 2589; x_wconf 90' lang='lat' dir='ltr'>Pericl.</span> <span class='ocrx_word' id='word_1_178' title='bbox 776 2543 904 2607; x_wconf 89' lang='lat' dir='ltr'>cap.</span> <span class='ocrx_word' id='word_1_179' title='bbox 945 2525 1216 2588; x_wconf 83' lang='lat' dir='ltr'>XXXVI.</span> <span class='ocrx_word' id='word_1_180' title='bbox 1249 2538 1418 2606; x_wconf 82' lang='lat' dir='ltr'>(pag.</span> <span class='ocrx_word' id='word_1_181' title='bbox 1461 2526 1619 2602; x_wconf 62' lang='lat'><strong>660,</strong></span> <span class='ocrx_word' id='word_1_182' title='bbox 1657 2526 1761 2589; x_wconf 86' lang='lat' dir='ltr'>ubi</span> <span class='ocrx_word' id='word_1_183' title='bbox 1800 2542 1910 2606; x_wconf 90' lang='lat' dir='ltr'>per</span> <span class='ocrx_word' id='word_1_184' title='bbox 1947 2532 2131 2588; x_wconf 89' lang='lat' dir='ltr'>totum</span> <span class='ocrx_word' id='word_1_185' title='bbox 2175 2524 2331 2588; x_wconf 90' lang='lat' dir='ltr'>diem</span> <span class='ocrx_word' id='word_1_186' title='bbox 2377 2542 2510 2588; x_wconf 87' lang='lat' dir='ltr'>cum</span> <span class='ocrx_word' id='word_1_187' title='bbox 2581 2514 2588 2522; x_wconf 50' lang='lat'>⁸</span> 
     </span>
     <span class='ocr_line' id='line_1_22' title="bbox 338 2634 1868 2716; baseline -0.001 -20"><span class='ocrx_word' id='word_1_188' title='bbox 338 2634 665 2716; x_wconf 86' lang='lat' dir='ltr'>Protagora</span> <span class='ocrx_word' id='word_1_189' title='bbox 710 2634 785 2695; x_wconf 91' lang='lat' dir='ltr'>de</span> <span class='ocrx_word' id='word_1_190' title='bbox 829 2653 948 2697; x_wconf 89' lang='lat' dir='ltr'>una</span> <span class='ocrx_word' id='word_1_191' title='bbox 989 2652 1058 2696; x_wconf 89' lang='lat' dir='ltr'>re</span> <span class='ocrx_word' id='word_1_192' title='bbox 1105 2635 1438 2714; x_wconf 89' lang='lat' dir='ltr'>disputasse</span> <span class='ocrx_word' id='word_1_193' title='bbox 1483 2634 1720 2696; x_wconf 83' lang='lat' dir='ltr'>dicitur.</span> <span class='ocrx_word' id='word_1_194' title='bbox 1861 2658 1868 2666; x_wconf 91' lang='lat'><strong>·</strong></span> 
     </span>
    </p>

    <p class='ocr_par' dir='ltr' id='par_1_7' title="bbox 481 2741 2460 2823">
     <span class='ocr_line' id='line_1_23' title="bbox 481 2741 2460 2823; baseline -0.001 -18"><span class='ocrx_word' id='word_1_195' title='bbox 481 2743 1016 2823; x_wconf 81' lang='lat' dir='ltr'>&#39;Philippides</span> <span class='ocrx_word' id='word_1_196' title='bbox 1057 2742 1356 2803; x_wconf 90' lang='lat' dir='ltr'>Philomeli</span> <span class='ocrx_word' id='word_1_197' title='bbox 1398 2743 1592 2806; x_wconf 85' lang='lat' dir='ltr'>filius:</span> <span class='ocrx_word' id='word_1_198' title='bbox 1636 2741 1777 2804; x_wconf 88' lang='lat' dir='ltr'>Plat.</span> <span class='ocrx_word' id='word_1_199' title='bbox 1822 2741 1975 2803; x_wconf 91' lang='lat' dir='ltr'>Prot.</span> <span class='ocrx_word' id='word_1_200' title='bbox 2023 2741 2340 2822; x_wconf 85' lang='lat' dir='ltr'>pag..315.</span> <span class='ocrx_word' id='word_1_201' title='bbox 2385 2742 2460 2803; x_wconf 91' lang='lat' dir='ltr'>A.</span> 
     </span>
    </p>

    <p class='ocr_par' dir='ltr' id='par_1_8' title="bbox 340 2843 2559 3577">
     <span class='ocr_line' id='line_1_24' title="bbox 511 2843 2509 2931; baseline 0 -19"><span class='ocrx_word' id='word_1_202' title='bbox 511 2850 982 2914; x_wconf 86' lang='lat' dir='ltr'>Theodorus</span> <span class='ocrx_word' id='word_1_203' title='bbox 1012 2850 1377 2930; x_wconf 81' lang='lat' dir='ltr'>Cyrenaicus</span> <span class='ocrx_word' id='word_1_204' title='bbox 1422 2850 1785 2931; x_wconf 89' lang='lat' dir='ltr'>Protagorae</span> <span class='ocrx_word' id='word_1_205' title='bbox 1827 2849 2044 2911; x_wconf 88' lang='lat' dir='ltr'>dicitur</span> <span class='ocrx_word' id='word_1_206' title='bbox 2082 2843 2322 2928; x_wconf 74' lang='grc' dir='ltr'><strong><em>ἑταῖρος</em></strong></span> <span class='ocrx_word' id='word_1_207' title='bbox 2366 2848 2509 2912; x_wconf 85' lang='lat' dir='ltr'>Plat.</span> 
     </span>
     <span class='ocr_line' id='line_1_25' title="bbox 344 2955 2514 3041; baseline -0 -23"><span class='ocrx_word' id='word_1_208' title='bbox 344 2957 587 3020; x_wconf 89' lang='lat' dir='ltr'>Theaet.</span> <span class='ocrx_word' id='word_1_209' title='bbox 631 2976 769 3039; x_wconf 90' lang='lat' dir='ltr'>pag.</span> <span class='ocrx_word' id='word_1_210' title='bbox 821 2958 957 3021; x_wconf 88' lang='grc'><strong>161.</strong></span> <span class='ocrx_word' id='word_1_211' title='bbox 1001 2957 1067 3034; x_wconf 87' lang='grc' dir='ltr'>Β,</span> <span class='ocrx_word' id='word_1_212' title='bbox 1116 2955 1249 3020; x_wconf 84' lang='grc'><strong>168.</strong></span> <span class='ocrx_word' id='word_1_213' title='bbox 1294 2957 1363 3033; x_wconf 87' lang='grc' dir='ltr'>Ε,</span> <span class='ocrx_word' id='word_1_214' title='bbox 1403 2956 1585 3038; x_wconf 82' lang='grc' dir='ltr'><strong><em>φίλος</em></strong></span> <span class='ocrx_word' id='word_1_215' title='bbox 1628 2972 1769 3036; x_wconf 87' lang='lat' dir='ltr'>pag.</span> <span class='ocrx_word' id='word_1_216' title='bbox 1821 2955 1958 3041; x_wconf 71' lang='lat'>162.</span> <span class='ocrx_word' id='word_1_217' title='bbox 2007 2957 2083 3034; x_wconf 89' lang='lat' dir='ltr'>A,</span> <span class='ocrx_word' id='word_1_218' title='bbox 2126 2955 2514 3036; x_wconf 87' lang='lat' dir='ltr'>placitorum-</span> 
     </span>
     <span class='ocr_line' id='line_1_26' title="bbox 347 3063 2510 3147; baseline -0 -21"><span class='ocrx_word' id='word_1_219' title='bbox 347 3083 462 3144; x_wconf 86' lang='lat' dir='ltr'>que</span> <span class='ocrx_word' id='word_1_220' title='bbox 502 3066 629 3129; x_wconf 87' lang='lat' dir='ltr'>eius</span> <span class='ocrx_word' id='word_1_221' title='bbox 667 3065 995 3146; x_wconf 71' lang='grc' dir='ltr'><em>ἐπίτροπος</em></span> <span class='ocrx_word' id='word_1_222' title='bbox 1034 3083 1169 3147; x_wconf 90' lang='lat' dir='ltr'>pag.</span> <span class='ocrx_word' id='word_1_223' title='bbox 1200 3066 1334 3127; x_wconf 76' lang='lat'>164.</span> <span class='ocrx_word' id='word_1_224' title='bbox 1380 3064 1450 3124; x_wconf 91' lang='grc' dir='ltr'>Ε.</span> <span class='ocrx_word' id='word_1_225' title='bbox 1513 3063 1688 3125; x_wconf 88' lang='lat' dir='ltr'>Conf.</span> <span class='ocrx_word' id='word_1_226' title='bbox 1735 3081 1872 3144; x_wconf 86' lang='lat' dir='ltr'>pag.</span> <span class='ocrx_word' id='word_1_227' title='bbox 1921 3063 2059 3125; x_wconf 85' lang='lat'>179.</span> <span class='ocrx_word' id='word_1_228' title='bbox 2108 3064 2182 3126; x_wconf 87' lang='lat' dir='ltr'>A.</span> <span class='ocrx_word' id='word_1_229' title='bbox 2244 3063 2357 3127; x_wconf 86' lang='lat' dir='ltr'>Sed</span> <span class='ocrx_word' id='word_1_230' title='bbox 2402 3082 2510 3126; x_wconf 88' lang='lat' dir='ltr'>re·-</span> 
     </span>
     <span class='ocr_line' id='line_1_27' title="bbox 345 3162 2511 3255; baseline -0 -20"><span class='ocrx_word' id='word_1_231' title='bbox 345 3174 500 3236; x_wconf 90' lang='lat' dir='ltr'>lictis</span> <span class='ocrx_word' id='word_1_232' title='bbox 560 3181 767 3255; x_wconf 85' lang='lat' dir='ltr'>postea</span> <span class='ocrx_word' id='word_1_233' title='bbox 812 3175 1173 3255; x_wconf 83' lang='lat' dir='ltr'>Protagorae</span> <span class='ocrx_word' id='word_1_234' title='bbox 1217 3173 1443 3237; x_wconf 69' lang='lat' dir='ltr'>scholis</span> <span class='ocrx_word' id='word_1_235' title='bbox 1481 3172 1918 3233; x_wconf 86' lang='lat' dir='ltr'>mathematicis</span> <span class='ocrx_word' id='word_1_236' title='bbox 1962 3162 2169 3237; x_wconf 82' lang='lat' dir='ltr'>studiis</span> <span class='ocrx_word' id='word_1_237' title='bbox 2212 3189 2280 3234; x_wconf 90' lang='lat' dir='ltr'>se</span> <span class='ocrx_word' id='word_1_238' title='bbox 2322 3171 2511 3234; x_wconf 88' lang='lat' dir='ltr'>dede·-</span> 
     </span>
     <span class='ocr_line' id='line_1_28' title="bbox 341 3279 2559 3362; baseline -0 -19"><span class='ocrx_word' id='word_1_239' title='bbox 341 3288 475 3344; x_wconf 89' lang='lat' dir='ltr'>rat:</span> <span class='ocrx_word' id='word_1_240' title='bbox 516 3299 655 3361; x_wconf 91' lang='lat' dir='ltr'>pag.</span> <span class='ocrx_word' id='word_1_241' title='bbox 681 3281 814 3343; x_wconf 82' lang='lat'>165.</span> <span class='ocrx_word' id='word_1_242' title='bbox 846 3282 937 3357; x_wconf 84' lang='lat' dir='ltr'>A3</span> <span class='ocrx_word' id='word_1_243' title='bbox 990 3282 1153 3343; x_wconf 83' lang='lat' dir='ltr'>conf.</span> <span class='ocrx_word' id='word_1_244' title='bbox 1187 3300 1320 3362; x_wconf 91' lang='lat' dir='ltr'>pag.</span> <span class='ocrx_word' id='word_1_245' title='bbox 1347 3279 1483 3342; x_wconf 79' lang='lat'>143.</span> <span class='ocrx_word' id='word_1_246' title='bbox 1524 3280 1682 3357; x_wconf 65' lang='lat' dir='ltr'>BtC,</span> <span class='ocrx_word' id='word_1_247' title='bbox 1729 3279 1984 3357; x_wconf 80' lang='lat' dir='ltr'>145.A;·</span> <span class='ocrx_word' id='word_1_248' title='bbox 2021 3279 2294 3358; x_wconf 85' lang='lat' dir='ltr'>Xenoph.</span> <span class='ocrx_word' id='word_1_249' title='bbox 2333 3279 2507 3345; x_wconf 84' lang='lat' dir='ltr'>Mem.</span> <span class='ocrx_word' id='word_1_250' title='bbox 2550 3302 2559 3313; x_wconf 91' lang='lat'><strong>·</strong></span> 
     </span>
     <span class='ocr_line' id='line_1_29' title="bbox 340 3370 2510 3469; baseline 0 -19"><span class='ocrx_word' id='word_1_251' title='bbox 340 3388 442 3455; x_wconf 80' lang='lat' dir='ltr'>nb.</span> <span class='ocrx_word' id='word_1_252' title='bbox 474 3388 518 3451; x_wconf 89' lang='lat'>1.</span> <span class='ocrx_word' id='word_1_253' title='bbox 567 3370 695 3468; x_wconf 58' lang='lat' dir='ltr'>bap.</span> <span class='ocrx_word' id='word_1_254' title='bbox 721 3387 790 3449; x_wconf 89' lang='lat'>11.</span> <span class='ocrx_word' id='word_1_255' title='bbox 837 3395 901 3460; x_wconf 63' lang='lat'>5.</span> <span class='ocrx_word' id='word_1_256' title='bbox 938 3390 1032 3450; x_wconf 87' lang='lat'>10.</span> <span class='ocrx_word' id='word_1_257' title='bbox 1090 3388 1265 3468; x_wconf 82' lang='lat' dir='ltr'>Apud</span> <span class='ocrx_word' id='word_1_258' title='bbox 1308 3388 1480 3467; x_wconf 89' lang='lat' dir='ltr'>Apul.</span> <span class='ocrx_word' id='word_1_259' title='bbox 1528 3388 1747 3469; x_wconf 83' lang='lat' dir='ltr'>Dogm.</span> <span class='ocrx_word' id='word_1_260' title='bbox 1790 3386 1933 3449; x_wconf 87' lang='lat' dir='ltr'>Plat.</span> <span class='ocrx_word' id='word_1_261' title='bbox 1974 3386 2075 3446; x_wconf 86' lang='lat' dir='ltr'>lib.</span> <span class='ocrx_word' id='word_1_262' title='bbox 2105 3386 2151 3448; x_wconf 90' lang='lat'>1.</span> <span class='ocrx_word' id='word_1_263' title='bbox 2196 3389 2402 3466; x_wconf 58' lang='lat' dir='ltr'>cape.</span> <span class='ocrx_word' id='word_1_264' title='bbox 2448 3394 2510 3451; x_wconf 85' lang='lat' dir='ltr'>et</span> 
     </span>
     <span class='ocr_line' id='line_1_30' title="bbox 341 3492 2452 3577; baseline -0.001 -18"><span class='ocrx_word' id='word_1_265' title='bbox 341 3497 517 3577; x_wconf 90' lang='lat' dir='ltr'>Diog.</span> <span class='ocrx_word' id='word_1_266' title='bbox 559 3495 755 3558; x_wconf 88' lang='lat' dir='ltr'>Laert.</span> <span class='ocrx_word' id='word_1_267' title='bbox 801 3495 899 3557; x_wconf 85' lang='lat' dir='ltr'>lib.</span> <span class='ocrx_word' id='word_1_268' title='bbox 945 3495 1039 3559; x_wconf 91' lang='grc'><strong>111.</strong></span> <span class='ocrx_word' id='word_1_269' title='bbox 1083 3503 1145 3570; x_wconf 76' lang='lat'>§-</span> <span class='ocrx_word' id='word_1_270' title='bbox 1189 3495 1248 3556; x_wconf 91' lang='grc'><strong>6.</strong></span> <span class='ocrx_word' id='word_1_271' title='bbox 1334 3496 1496 3558; x_wconf 89' lang='lat' dir='ltr'>Plato</span> <span class='ocrx_word' id='word_1_272' title='bbox 1525 3494 1779 3558; x_wconf 61' lang='lat' dir='ltr'>‘auditor</span> <span class='ocrx_word' id='word_1_273' title='bbox 1818 3494 1950 3556; x_wconf 89' lang='lat' dir='ltr'>eius</span> <span class='ocrx_word' id='word_1_274' title='bbox 1989 3493 2174 3556; x_wconf 86' lang='lat' dir='ltr'>fuisse</span> <span class='ocrx_word' id='word_1_275' title='bbox 2222 3492 2452 3556; x_wconf 86' lang='lat' dir='ltr'>dicitur.</span> 
     </span>
    </p>

    <p class='ocr_par' dir='ltr' id='par_1_9' title="bbox 339 3603 2507 3792">
     <span class='ocr_line' id='line_1_31' title="bbox 500 3603 2501 3684; baseline -0 -18"><span class='ocrx_word' id='word_1_276' title='bbox 500 3603 1041 3684; x_wconf 84' lang='lat' dir='ltr'>Xanthippum,</span> <span class='ocrx_word' id='word_1_277' title='bbox 1101 3603 1343 3665; x_wconf 89' lang='lat' dir='ltr'>Periclis</span> <span class='ocrx_word' id='word_1_278' title='bbox 1385 3604 1635 3666; x_wconf 78' lang='lat' dir='ltr'>filiorum</span> <span class='ocrx_word' id='word_1_279' title='bbox 1679 3609 1823 3665; x_wconf 91' lang='lat' dir='ltr'>natu</span> <span class='ocrx_word' id='word_1_280' title='bbox 1870 3603 2158 3664; x_wconf 88' lang='lat' dir='ltr'>maiorem</span> <span class='ocrx_word' id='word_1_281' title='bbox 2213 3620 2343 3664; x_wconf 90' lang='lat' dir='ltr'>cum</span> <span class='ocrx_word' id='word_1_282' title='bbox 2383 3603 2501 3665; x_wconf 89' lang='lat' dir='ltr'>Pa-</span> 
     </span>
     <span class='ocr_line' id='line_1_32' title="bbox 339 3708 2507 3792; baseline 0 -20"><span class='ocrx_word' id='word_1_283' title='bbox 339 3709 468 3772; x_wconf 89' lang='lat' dir='ltr'>ralo</span> <span class='ocrx_word' id='word_1_284' title='bbox 519 3712 704 3774; x_wconf 84' lang='lat' dir='ltr'>fratre</span> <span class='ocrx_word' id='word_1_285' title='bbox 759 3712 1124 3792; x_wconf 83' lang='lat' dir='ltr'>Protagorae</span> <span class='ocrx_word' id='word_1_286' title='bbox 1179 3710 1399 3773; x_wconf 89' lang='lat' dir='ltr'>scholis</span> <span class='ocrx_word' id='word_1_287' title='bbox 1460 3710 1805 3773; x_wconf 84' lang='lat' dir='ltr'>interfuisse</span> <span class='ocrx_word' id='word_1_288' title='bbox 1863 3709 1971 3772; x_wconf 90' lang='lat' dir='ltr'>sub</span> <span class='ocrx_word' id='word_1_289' title='bbox 2015 3708 2207 3771; x_wconf 89' lang='lat' dir='ltr'>Parali</span> <span class='ocrx_word' id='word_1_290' title='bbox 2264 3712 2507 3773; x_wconf 89' lang='lat' dir='ltr'>nomine</span> 
     </span>
    </p>
   </div>
   <div class='ocr_carea' id='block_1_6' title="bbox 343 3817 2636 3894">
    <p class='ocr_par' dir='ltr' id='par_1_10' title="bbox 343 3817 2636 3894">
     <span class='ocr_line' id='line_1_33' title="bbox 343 3817 2636 3894; baseline 0 -13"><span class='ocrx_word' id='word_1_291' title='bbox 343 3819 807 3883; x_wconf 88' lang='lat' dir='ltr'>demonstratum</span> <span class='ocrx_word' id='word_1_292' title='bbox 864 3829 975 3883; x_wconf 88' lang='lat' dir='ltr'>est.</span> <span class='ocrx_word' id='word_1_293' title='bbox 1061 3819 1119 3881; x_wconf 90' lang='lat' dir='ltr'>Is</span> <span class='ocrx_word' id='word_1_294' title='bbox 1179 3838 1309 3881; x_wconf 90' lang='lat' dir='ltr'>cum</span> <span class='ocrx_word' id='word_1_295' title='bbox 1363 3818 1609 3881; x_wconf 90' lang='lat' dir='ltr'>muliere</span> <span class='ocrx_word' id='word_1_296' title='bbox 1667 3836 1797 3880; x_wconf 90' lang='lat' dir='ltr'>rem</span> <span class='ocrx_word' id='word_1_297' title='bbox 1841 3817 2071 3880; x_wconf 85' lang='lat' dir='ltr'>habens</span> <span class='ocrx_word' id='word_1_298' title='bbox 2125 3819 2295 3880; x_wconf 90' lang='lat' dir='ltr'>nimis</span> <span class='ocrx_word' id='word_1_299' title='bbox 2335 3836 2506 3894; x_wconf 89' lang='lat' dir='ltr'>sum·</span> <span class='ocrx_word' id='word_1_300' title='bbox 2631 3884 2636 3889; x_wconf 64' lang='grc'>,</span> 
     </span>
    </p>
   </div>
   <div class='ocr_carea' id='block_1_7' title="bbox 338 3925 2507 4224">
    <p class='ocr_par' dir='ltr' id='par_1_11' title="bbox 338 3925 2507 4224">
     <span class='ocr_line' id='line_1_34' title="bbox 338 3925 2507 4010; baseline -0.001 -20"><span class='ocrx_word' id='word_1_301' title='bbox 338 3933 508 3990; x_wconf 89' lang='lat' dir='ltr'>tuosa</span> <span class='ocrx_word' id='word_1_302' title='bbox 552 3928 734 4008; x_wconf 87' lang='lat' dir='ltr'>patris</span> <span class='ocrx_word' id='word_1_303' title='bbox 775 3928 1170 4010; x_wconf 85' lang='lat' dir='ltr'>frugalitatem</span> <span class='ocrx_word' id='word_1_304' title='bbox 1216 3945 1401 4008; x_wconf 87' lang='lat' dir='ltr'>aegre</span> <span class='ocrx_word' id='word_1_305' title='bbox 1441 3926 1572 3989; x_wconf 86' lang='lat' dir='ltr'>tulit</span> <span class='ocrx_word' id='word_1_306' title='bbox 1615 3934 1676 3988; x_wconf 90' lang='lat' dir='ltr'>et</span> <span class='ocrx_word' id='word_1_307' title='bbox 1701 3925 1947 4003; x_wconf 83' lang='lat' dir='ltr'>Periclis</span> <span class='ocrx_word' id='word_1_308' title='bbox 1989 3927 2189 3989; x_wconf 85' lang='lat' dir='ltr'>verbis</span> <span class='ocrx_word' id='word_1_309' title='bbox 2232 3927 2305 3988; x_wconf 80' lang='lat' dir='ltr'>ab</span> <span class='ocrx_word' id='word_1_310' title='bbox 2352 3929 2507 3989; x_wconf 92' lang='lat' dir='ltr'>ami-</span> 
     </span>
     <span class='ocr_line' id='line_1_35' title="bbox 340 4028 2503 4117; baseline -0 -19"><span class='ocrx_word' id='word_1_311' title='bbox 340 4053 546 4098; x_wconf 90' lang='lat' dir='ltr'>corum</span> <span class='ocrx_word' id='word_1_312' title='bbox 590 4036 718 4097; x_wconf 90' lang='lat' dir='ltr'>eius</span> <span class='ocrx_word' id='word_1_313' title='bbox 757 4054 877 4098; x_wconf 88' lang='lat' dir='ltr'>uno</span> <span class='ocrx_word' id='word_1_314' title='bbox 920 4038 1234 4117; x_wconf 86' lang='lat' dir='ltr'>pecuniam</span> <span class='ocrx_word' id='word_1_315' title='bbox 1279 4035 1486 4116; x_wconf 77' lang='lat' dir='ltr'>sumsit</span> <span class='ocrx_word' id='word_1_316' title='bbox 1530 4041 1830 4098; x_wconf 86' lang='lat' dir='ltr'>mutuam:</span> <span class='ocrx_word' id='word_1_317' title='bbox 1876 4052 2049 4114; x_wconf 88' lang='lat' dir='ltr'>quam</span> <span class='ocrx_word' id='word_1_318' title='bbox 2079 4028 2155 4096; x_wconf 90' lang='lat' dir='ltr'>ob</span> <span class='ocrx_word' id='word_1_319' title='bbox 2198 4050 2320 4097; x_wconf 90' lang='lat' dir='ltr'>rem</span> <span class='ocrx_word' id='word_1_320' title='bbox 2350 4034 2503 4097; x_wconf 80' lang='lat' dir='ltr'>filius</span> 
     </span>
     <span class='ocr_line' id='line_1_36' title="bbox 340 4134 2507 4224; baseline 0 -19"><span class='ocrx_word' id='word_1_321' title='bbox 340 4161 374 4205; x_wconf 94' lang='lat' dir='ltr'>a</span> <span class='ocrx_word' id='word_1_322' title='bbox 420 4149 588 4224; x_wconf 87' lang='lat' dir='ltr'>patre</span> <span class='ocrx_word' id='word_1_323' title='bbox 634 4135 694 4203; x_wconf 82' lang='lat' dir='ltr'>in</span> <span class='ocrx_word' id='word_1_324' title='bbox 766 4142 1041 4204; x_wconf 90' lang='lat' dir='ltr'>iudicium</span> <span class='ocrx_word' id='word_1_325' title='bbox 1100 4150 1348 4205; x_wconf 84' lang='lat' dir='ltr'>vocatus</span> <span class='ocrx_word' id='word_1_326' title='bbox 1408 4144 1561 4204; x_wconf 87' lang='lat' dir='ltr'>illius</span> <span class='ocrx_word' id='word_1_327' title='bbox 1625 4161 1757 4204; x_wconf 89' lang='lat' dir='ltr'>cum</span> <span class='ocrx_word' id='word_1_328' title='bbox 1801 4134 2131 4224; x_wconf 80' lang='lat' dir='ltr'>Protagora</span> <span class='ocrx_word' id='word_1_329' title='bbox 2184 4149 2507 4206; x_wconf 88' lang='lat' dir='ltr'>consuetu-</span> 
     </span>
    </p>
   </div>
   <div class='ocr_carea' id='block_1_8' title="bbox 341 4251 2503 4442">
    <p class='ocr_par' dir='ltr' id='par_1_12' title="bbox 341 4251 2503 4442">
     <span class='ocr_line' id='line_1_37' title="bbox 341 4251 1779 4331; baseline -0.001 -18"><span class='ocrx_word' id='word_1_330' title='bbox 341 4251 460 4314; x_wconf 87' lang='lat' dir='ltr'>dini</span> <span class='ocrx_word' id='word_1_331' title='bbox 506 4252 705 4312; x_wconf 85' lang='lat' dir='ltr'>irrisit.</span> <span class='ocrx_word' id='word_1_332' title='bbox 790 4251 923 4312; x_wconf 91' lang='lat' dir='ltr'>Vid.</span> <span class='ocrx_word' id='word_1_333' title='bbox 968 4252 1109 4313; x_wconf 86' lang='lat' dir='ltr'>Plut.</span> <span class='ocrx_word' id='word_1_334' title='bbox 1159 4252 1288 4315; x_wconf 87' lang='lat' dir='ltr'>Per.</span> <span class='ocrx_word' id='word_1_335' title='bbox 1334 4269 1467 4331; x_wconf 89' lang='lat' dir='ltr'>cap.</span> <span class='ocrx_word' id='word_1_336' title='bbox 1513 4251 1779 4314; x_wconf 88' lang='lat' dir='ltr'>XXXVI.</span> 
     </span>
     <span class='ocr_line' id='line_1_38' title="bbox 525 4358 2503 4442; baseline 0.001 -20"><span class='ocrx_word' id='word_1_337' title='bbox 525 4359 1029 4422; x_wconf 83' lang='lat' dir='ltr'>Alcibiadem</span> <span class='ocrx_word' id='word_1_338' title='bbox 1088 4368 1145 4422; x_wconf 87' lang='lat' dir='ltr'>et</span> <span class='ocrx_word' id='word_1_339' title='bbox 1202 4360 1532 4424; x_wconf 88' lang='lat' dir='ltr'>Critiam</span> <span class='ocrx_word' id='word_1_340' title='bbox 1588 4361 1770 4423; x_wconf 92' lang='lat' dir='ltr'>nolim</span> <span class='ocrx_word' id='word_1_341' title='bbox 1832 4360 2093 4442; x_wconf 75' lang='lat' dir='ltr'>ogo-ob</span> <span class='ocrx_word' id='word_1_342' title='bbox 2151 4359 2298 4424; x_wconf 83' lang='lat' dir='ltr'>Plat..</span> <span class='ocrx_word' id='word_1_343' title='bbox 2348 4358 2503 4423; x_wconf 86' lang='lat' dir='ltr'>Prot.</span> 
     </span>
    </p>
   </div>
  </div>
 </body>
</html>
