2975 4959
1234 317 1868 386 -180-'

422 505 653 585 tetigit,
692 502 794 566 vix
830 508 973 584 puto
1015 502 1219 565 verbis
1259 518 1435 583 quam
1473 502 1851 583 paucissimis
1889 501 2162 565 absolvit.
2250 499 2434 565 Immo
2475 518 2601 567 non

424 610 668 690 dubito,
722 613 860 693 quin
885 657 905 691 ,
951 611 1055 691 qui
1090 610 1336 693 gravius
1384 611 1670 691 quodque
1708 609 2055 701 placitorum
2098 626 2342 672 suorum
2388 611 2602 674 litteris

421 720 776 798 tradiderit,
840 719 999 783 hanc
1060 735 1298 799 quoque
1335 720 1693 781 sententiam
1739 720 2043 799 copiosius
2082 719 2371 781 tractarit.
2452 719 2603 789 Nam

423 826 684 889 Platonis
723 826 932 907 verba,
976 826 1053 888 ad
1081 843 1237 907 quae
1253 826 1629 889 He‘rmannus
1658 826 1921 907 respicit,
1956 817 2034 889 Ὠ
2067 831 2340 906 γενναῖοι
2381 826 2603 899 παῖδές

417 956 489 996 τε
532 934 644 996 καί
682 935 986 1015 γέροντες,
1032 934 1436 1016 δημηγορεῖτε
1478 934 2007 1015 ξυγκαθεζόμενοι
2047 928 2243 1006 θεοὺς
2279 953 2345 997 τε
2390 932 2482 1006 εἷς
2519 927 2593 997 τό

420 1040 616 1122 μέσον
673 1035 965 1124 ἄγοντες,
1019 1036 1130 1115 οὒς
1183 1036 1306 1120 ἐγώ
1365 1034 1435 1103 ἔκ
1496 1061 1565 1102 τε
1624 1043 1740 1103 τοῦ
1782 1041 1982 1120 λέγειν
2027 1041 2136 1102 καί
2173 1041 2289 1103 τοῦ
2330 1037 2604 1123 γράφειν

417 1150 568 1230 περί
607 1150 820 1212 αὐτῶν
859 1147 945 1224 ὥς
988 1145 1149 1212 εἰσὶν
1198 1141 1242 1230 ἢ
1282 1143 1371 1222 ὥς
1414 1148 1529 1211 ov'ac
1584 1147 1746 1212 εἷσίν
1789 1147 2021 1229 ἐξαιρῶ
2046 1149 2103 1232 ’)
2158 1147 2305 1210 nihi}
2361 1147 2597 1229 signifi-

306 1336 314 1344 ·
423 1273 568 1319 care
623 1262 877 1336 possunt
915 1255 1032 1319 nisi
1077 1255 1318 1334 „Quid‘l
1374 1272 1488 1318 vos
1531 1255 1608 1318 de
1652 1256 1797 1318 Deis
1841 1262 2103 1319 statuere
2144 1255 2363 1337 aliquid
2407 1256 2603 1318 aude-

420 1364 535 1444 tis,
598 1363 675 1427 de
733 1364 947 1444 quibus
990 1366 1158 1427 ‘certi
1215 1365 1532 1446 quicquam
1581 1363 1790 1427 dicere
1831 1381 2015 1446 posse
2072 1381 2193 1447 ego
2251 1381 2372 1429 non
2433 1365 2630 1426 visus.

419 1471 632 1535 sum?“
675 1471 1180 1537 commentatione
1221 1470 1455 1534 scilicet
1498 1487 1653 1550 mea,
1699 1488 1816 1553 qua
1854 1471 1980 1535 hoc
2011 1478 2423 1555 argumentum
2465 1478 2597 1534 tra-

421 1582 601 1643 ctavi.
685 1579 831 1643 Erat
873 1581 1032 1644 enim
1078 1578 1398 1661 disputatio
1441 1579 1730 1659 brevior,
1796 1597 1950 1661 quae
2014 1580 2176 1644 haud
2232 1582 2313 1644 ita
2372 1598 2595 1662 magno

417 1690 707 1769 temporis
768 1690 962 1770 spatio
1023 1689 1268 1751 recitari
1324 1695 1537 1769 posset
1595 1687 1745 1765 (vid.
1793 1706 1933 1771 pag.
1981 1689 2119 1768 75.)
2137 1733 2170 1764 ,.
2221 1707 2346 1752 non
2409 1672 2622 1752 totum¹

420 1797 734 1875 volumen,
778 1796 939 1878 quod
977 1796 1352 1860 Hermannus
1395 1797 1629 1877 opinari
1674 1796 1943 1859 videtur:
2001 1797 2342 1877 „Worfiher
2380 1799 2597 1860 Prota-

417 1922 605 1987 goras
649 1904 808 1969 wohl
851 1904 1212 1968 schwerlich
1276 1906 1375 1967 ein
1433 1923 1665 1986 ganzes
1710 1904 1874 1967 Buch
1929 1880 2333 1987 geschrieben
2392 1905 2594 1969 haben

416 2014 702 2078 konnte.“
784 2016 980 2095 Atque
1025 2014 1219 2095 planis
1279 2014 1478 2077 verbis
1526 2014 1836 2095 Diogenes
1894 2014 2013 2076 duo
2065 2014 2256 2078 libros
2302 2014 2593 2078 discernit

416 2122 515 2185 lib.
565 2121 664 2186 lx.
716 2128 776 2198 S.
819 2123 939 2184 51:
1000 2119 1195 2186 Ἀλλὰ
1258 2119 1367 2184 καὶ
1426 2113 1661 2203 ἤρξατό
1723 2144 1842 2183 που
1907 2113 2127 2185 τοῦτον)
2186 2121 2290 2186 τὸν
2343 2122 2596 2203 τρόπον·

419 2231 731 2311 „Heivrwv
789 2228 1170 2314 zpqptdtwnss
1218 2235 1282 2292 et
1321 2247 1378 2310 q.
1420 2246 1589 2311 seqq.
1633 2266 1718 2280 -
1776 2226 1887 2292 καί
1932 2230 2218 2312 α’λλαχοῦ
2258 2231 2330 2295 δὲ
2378 2231 2600 2296 τοῦτον

418 2330 654 2421 ἤρξατο
696 2333 806 2401 τὰν
840 2333 1087 2417 τρόπον·
1169 2339 1383 2419 »Περὶ
1419 2340 1541 2416 μὲν
1580 2340 1783 2401 θεῶν“
1826 2344 1889 2401 et
1929 2355 1985 2417 q.
2030 2355 2198 2421 seqq.

592 2446 778 2508 Huius
818 2445 1003 2527 igitur
1040 2444 1197 2524 libri,
1241 2446 1341 2527 qui
1385 2445 1751 2527 Protagorae
1794 2446 2201 2509 accusationis
2244 2464 2429 2509 causa
2471 2446 2601 2529 fuit,

422 2553 611 2636 prima
658 2560 880 2619 tantum
926 2553 1150 2633 verba,
1208 2554 1426 2635 quibus
1470 2556 1651 2619 totius
1696 2572 1923 2618 summa
1967 2555 2427 2636 continebatur,
2481 2533 2606 2638 po·-⁸

421 2663 602 2725 stetis
648 2661 867 2725 tradita
911 2667 1088 2725 sunt:

1484 2833 1544 2894 2.

612 2978 842 3057 Περὶ
897 2981 1051 3057 μὲν
1106 2981 1315 3043 θεῶν
1376 2981 1531 3043 ουίι
1598 2977 1761 3063 ἔχω
1834 2981 2180 3045 εἰδέναι
2251 2972 2426 3044 οὔθ’
2491 2979 2603 3055 mic,-

427 3079 641 3146 εἰσὶν
686 3075 854 3145 οὔθ)
902 3077 1002 3159 ὥς
1048 3083 1192 3148 οὐκ
1235 3086 1477 3179 eiffela.
1559 3086 1808 3150 πολλά
1851 3086 2000 3169 γάρ
2049 3089 2287 3175 [ἐστι]
2330 3083 2421 3150 τοὶ
2467 3110 2603 3151 κω-

427 3188 736 3257 λύοντα
780 3191 1125 3255 εἰδέναι·
1208 3185 1254 3275 ἦ
1295 3215 1373 3257 τε
1414 3194 1821 3280 ἀδηλότης
1857 3197 1997 3259 καί
2032 3193 2375 3280 βραχύς
2417 3190 2521 3261 e'v'r
2562 3194 2601 3259 ὅ

427 3295 609 3382 βίος
650 3302 788 3364 τοῦ
826 3297 1297 3385 ἀνθρώπου.

1458 3501 1562 3566 ῙῙῘ.

1103 3653 1283 3751 Περὶ
1331 3659 1474 3729 τῶν
1525 3658 1601 3729 ἐν
1640 3646 1924 3731 Ἅιδου.

604 3845 781 3926 Diog.
823 3846 1024 3909 Laert.
1076 3846 1178 3910 lib.
1220 3846 1324 3912 IX.
1373 3861 1432 3930 s.
1477 3851 1580 3914 55.
1667 3852 1799 3927 Quo
1849 3853 1928 3916 de
1972 3853 2194 3951 scripto
2239 3872 2374 3920 cum
2399 3850 2602 3937 ‘prae-

435 3956 530 4013 ter
571 3968 790 4051 nomen
831 3953 975 4016 nihil
1014 3954 1290 4019 traditum
1333 3958 1447 4037 sit,
1504 3959 1832 4023 Democriti
1873 3961 2085 4043 librum
2130 3962 2361 4027 eisdem
2399 3965 2604 4028 verbis

435 4060 813 4140 inscriptum,
874 4060 951 4124 de
995 4081 1113 4145 quo
1155 4065 1282 4147 egit
1319 4065 1667 4133 Mullachius
1707 4070 1989 4132 Democr.
2028 4070 2240 4153 fragm.
2282 4088 2419 4155 pag.
2467 4074 2607 4136 113.

573 4258 627 4331 )
664 4258 891 4312 Foedmn
928 4260 1188 4329 glossema
1224 4264 1327 4317 hoc
1377 4264 1496 4318 loco
1533 4267 1793 4321 detexisse
1845 4270 1943 4322 sibi
1984 4271 2188 4325 videtur
2224 4272 2610 4337 Stallbaumius,

432 4328 519 4396 qui
565 4336 697 4412 napi
753 4352 822 4383 αυ
794 4329 939 4386 ὖτῶν
993 4334 1068 4394 (ὃς
1095 4341 1241 4390 εἰσὶν
1284 4334 1315 4402 ἢ
1352 4337 1428 4397 ως
1476 4337 1582 4392 οὔκ
1635 4342 1780 4395 εἰσίν
1827 4341 2100 4395 delendum
2161 4353 2353 4398 censet.
2447 4349 2611 4397 immo

431 4401 694 4467 aptissima
729 4402 815 4453 hic
848 4411 968 4456 sunt
999 4405 1111 4472 ipsa
1146 4406 1458 4475 Protagorae
1489 4408 1650 4461 verba
1690 4425 1754 4463 ex
1790 4410 1922 4465 libro
1959 4415 2072 4466 eiua
2111 4415 2282 4466 citata.
