2975 4959
1320 274 1810 348 -48--

463 471 560 528 est
598 463 764 529 Plato
809 465 1050 529 Theaet.
1090 480 1230 549 pag.
1279 466 1413 530 171.
1452 467 1523 532 D.
1607 467 1755 530 Nam
1811 465 2012 529 verbis
2069 460 2309 548 οἴχοιτο
2370 462 2636 547 ἀποτρέ·

464 594 603 655 χων
644 574 956 638 cavillatur
990 574 1357 657 Protagorae
1402 574 1623 657 fugam,
1670 590 1827 655 quae
1866 581 1930 639 ut
1954 575 2226 655 Socratis,
2259 576 2635 640 constantiae

374 669 379 674 ⁴
461 682 759 762 animique
804 681 1131 744 fortitudini
1170 683 1232 745 in
1274 688 1467 745 morte
1510 681 1791 745 obeunda
1835 682 2055 750 abillo
2097 688 2378 745 ostensae
2406 698 2636 745 summa

468 803 603 851 cum
648 791 705 853 vi
749 796 1108 871 opponatur,
1149 790 1538 872 Protagoram
1587 798 1648 854 et
1692 792 2000 855 Socratem
2053 791 2270 854 eodem
2311 789 2440 853 fere
2482 796 2641 851 tem-

462 914 614 978 pore
659 905 924 961 mortuos
965 915 1106 962 esse
1150 916 1270 962 non
1320 916 1565 980 possum
1621 917 1744 963 non
1792 900 2103 963 credere!
2159 900 2332 981 (Pag.
2378 898 2514 975 97.)
2554 933 2641 947 -

457 1005 623 1085 „Huc
669 1007 925 1086 accedit,
969 1007 1132 1089 quod
1171 1008 1533 1090 Protagoras
1574 1006 1734 1070 haud
1782 1007 1961 1079 facile
2006 1008 2323 1090 impietatis
2364 1004 2643 1070 accusari

457 1118 651 1195 potuit
691 1134 888 1197 neque
933 1116 1325 1179 condemnari
1385 1134 1546 1180 anno
1587 1118 1732 1180 404.
1780 1116 1961 1180 Critia
2020 1123 2406 1198 tyrannorum
2462 1118 2639 1195 prin—

457 1224 593 1304 cipe
618 1270 636 1302 ‚
696 1224 759 1287 in
804 1226 991 1306 ‘quem
1039 1226 1199 1289 idem
1247 1225 1461 1288 eodem
1505 1228 1637 1289 iure
1680 1225 2003 1318 cecidisset
2052 1224 2372 1288 iudicium:
2435 1238 2637 1303 neque

459 1348 620 1398 uno
665 1332 825 1413 403,
887 1351 1022 1396 cum
1077 1335 1171 1396 rei
1213 1333 1484 1415 publicae
1528 1335 1740 1397 turbae
1782 1335 2044 1397 omnium
2087 1333 2318 1396 animos
2359 1337 2638 1396 tenerent

459 1447 807 1520 occupatos·
885 1440 1092 1515 .Quod
1145 1448 1339 1504 autem
1404 1442 1585 1522 Diog.
1640 1437 1837 1504 Laert.
1880 1441 1982 1505 lib.
2025 1441 2126 1504 IX.
2182 1450 2239 1518 §-
2282 1440 2382 1509 54.
2434 1457 2468 1501 a
2509 1439 2634 1520 Py·-

460 1548 720 1610 thodoro
745 1594 764 1626 ‚
819 1566 941 1611 uno
988 1566 1068 1612 ex
1107 1547 1562 1632 quadringentis
1588 1596 1607 1628 ‚
1667 1550 2052 1631 Protagoram
2108 1555 2451 1613 accusatum
2495 1564 2636 1611 esse

457 1657 640 1735 dicit,
693 1673 770 1717 eo
828 1655 970 1718 nihil
1008 1657 1346 1736 indicatur,
1398 1654 1516 1720 nisi
1566 1672 1784 1722 annum
1823 1660 1978 1720 inter
2020 1658 2185 1735 412,
2239 1674 2357 1739 quo
2402 1657 2636 1737 expulsi

454 1770 613 1841 sunt,
654 1769 716 1825 et
756 1763 901 1843 403,
946 1781 1065 1845 quo
1108 1767 1416 1829 redierunt
1457 1767 1896 1848 quadringenti,
1934 1766 2259 1847 sophistam
2300 1780 2423 1828 non
2473 1783 2634 1828 con-

463 1872 800 1936 demnatum
855 1891 1033 1936 esse:
1096 1874 1242 1955 ipsis
1305 1893 1452 1938 vero
1494 1877 1886 1958 regnantibus
1920 1874 2043 1939 'illis
2080 1874 2479 1957 Pythodorum
2524 1890 2635 1937 ac-

460 1997 710 2044 cusasse
771 1998 893 2044 non
957 1980 1210 2046 efficitur
1270 2000 1355 2044 ex
1413 1984 1744 2067 Diogene.“
1848 1985 2032 2065 (Pag.
2079 1983 2179 2047 98.
2232 1989 2295 2045 et
2334 1981 2483 2058 99.)
2548 2015 2634 2032 —-

459 2085 700 2170 „Neque
760 2096 823 2152 et
878 2089 1014 2152 lites
1077 2089 1405 2154 intendisse
1453 2097 1516 2153 et
1553 2108 1696 2155 reos
1739 2092 2178 2155 condemnasse
2236 2090 2431 2153 eidem
2457 2106 2636 2171 qua-

460 2193 763 2276 dringenti
824 2196 938 2258 viri
1000 2196 1279 2260 videntur
1305 2241 1326 2277 ,
1393 2199 1662 2279 quamvis
1711 2196 2054 2290 'violentum
2108 2215 2359 2280 regnum
2422 2215 2632 2260 eorum

460 2301 657 2366 fuerit.
745 2304 871 2366 Ixio
915 2313 1110 2369 autem
1135 2353 1152 2384 ,
1196 2325 1312 2387 qua
1360 2307 1726 2390 Protagorae
1768 2314 2021 2371 mortem
2060 2309 2405 2390 respexisse
2447 2309 2634 2372 Euri-

456 2411 655 2492 pidem
715 2429 751 2473 e
814 2412 1169 2477 Philochoro
1236 2401 1506 2479 audimus
1568 2415 1780 2498 (Diog.
1823 2417 2020 2480 Laert.
2065 2416 2169 2485 lib.
2214 2415 2313 2481 lx.
2370 2424 2431 2492 5.
2475 2419 2632 2498 ὀᾶ),

458 2526 597 2600 post
657 2526 907 2582 mortem
951 2526 1171 2600 poetae
1232 2521 1306 2582 ab
1359 2520 1547 2600 ipsius
1596 2521 1730 2584 filiis
1794 2521 2186 2603 interpolata,
2247 2523 2636 2585 Philostratus

457 2644 607 2689 vero
653 2627 1109 2690 scholiastarum
1166 2646 1335 2691 more
1376 2629 1622 2692 finxisse
1662 2630 1956 2712 putandus
1995 2636 2123 2708 est,
2185 2631 2345 2711 quod
2395 2631 2636 2712 scripsit

457 2737 519 2798 in
561 2737 681 2798 vila
727 2736 1136 2819 Protagorae:
1200 2735 1456 2818 Νὴσους
1505 2741 1575 2801 δὲ
1633 2741 1698 2815 ἐξ
1739 2737 2013 2819 ἠπείρων
2052 2736 2329 2819 ἀμείβων
2369 2739 2480 2816 καί
2520 2734 2637 2812 τὰς

444 2841 805 2925 Ἀθηναίων
841 2844 1113 2927 τριήρεις
1157 2846 1627 2928 φυλαττόμενος
1676 2843 1912 2919 πάσαις
1948 2842 2292 2919 θαλάτταις
2328 2841 2637 2924 &vaanup-

453 2952 650 3027 μένας
692 2952 926 3013 κατέδυ
971 2956 1174 3014 πλέων
1207 2948 1274 3015 ἐν
1319 2952 1552 3040 ἀκατίῳ
1591 2957 1811 3040 μικρῷ.
1900 2954 2071 3029 Quod
2122 2955 2173 3017 Si
2210 2971 2418 3016 verum
2450 2958 2634 3028 esset,

454 3055 822 3137 Protagoras
868 3060 1017 3119 mari
1065 3058 1412 3122 submersus
1453 3067 1618 3122 esset
1657 3061 1774 3122 iam
1817 3078 1975 3122 anno
2018 3056 2179 3123 415:
2244 3077 2380 3121 nam
2433 3056 2630 3138 paullo

456 3170 596 3246 post
638 3166 797 3227 hunc
833 3182 1050 3228 annum
1080 3166 1550 3231 Atheniensibus
1591 3170 1953 3250 principatus
1997 3170 2323 3231 maritimus
2363 3172 2632 3229 extortus

454 3277 589 3350 est,
638 3279 705 3335 ut
742 3257 1111 3355 Protagorae
1155 3269 1484 3353 postea-ab
1526 3275 1756 3338 illorum
1798 3276 2049 3339 navibus
2088 3276 2235 3339 nibil
2293 3274 2629 3338 cavendum

459 3379 691 3444 fuisset.
777 3379 950 3454 Quod
1003 3365 1625 3444 autem'Philostratus
1669 3380 1890 3447 indicta
1934 3400 2004 3445 re
2042 3382 2427 3464 Protagoram
2475 3398 2633 3444 con-

453 3488 795 3552 demnatum
858 3505 996 3551 esse
1053 3494 1293 3566 narrat,
1357 3507 1432 3551 eo
1491 3491 1732 3553 minime
1783 3469 2350 3572 Hermocopidarum
2395 3498 2629 3571 tempus

454 3596 791 3675 indicatur3
856 3594 968 3659 sed
994 3641 1013 3673 ‚
1070 3596 1126 3658 si
1173 3595 1411 3677 quidem
1453 3614 1662 3660 verum
1705 3604 1830 3676 est,
1879 3600 1964 3662 ita
2007 3604 2100 3661 est
2141 3591 2625 3680 intelligendum:

462 3702 870 3785 Protagoram,
910 3704 1013 3767 ubi
1042 3704 1649 3784 primumaccusatus
1693 3713 1876 3785 esset,
1922 3706 1999 3769 de
2041 3724 2226 3771 causa
2265 3724 2373 3770 sua
2404 3706 2631 3788 despe-

458 3817 687 3873 rantem
729 3810 920 3874 solum
967 3812 1224 3874 vertisse
1281 3818 1341 3873 et
1401 3813 1713 3875 absentem
1766 3831 1905 3877 esse
1963 3815 2420 3880 condemnatum
2444 3861 2462 3895 ,
2525 3816 2627 3897 qui

459 3922 591 4000 ipse
658 3920 774 3981 iam
823 3919 966 4001 fuga
1014 3938 1155 3984 sese
1196 3919 1714 3986 condemnasset.“
1800 3924 1986 4005 (Pag.
2035 3924 2172 3987 100.
2215 3930 2276 3986 et
2321 3924 2459 3987 101.
2473 3938 2502 3999 J
2547 3961 2632 3979 -

454 4027 695 4107 „Mortis
758 4029 940 4109 igitur
999 4046 1161 4091 anno
1218 4027 1363 4091 400.
1429 4032 1750 4092 constituto
1813 4033 2070 4108 natalem
2135 4033 2410 4113 ponimus
2464 4032 2625 4109 490,

455 4139 595 4217 quia
640 4153 719 4198 ex
753 4136 1015 4199 Platonis
1053 4136 1210 4199 Prot.
1253 4154 1390 4219 pag.
1431 4137 1576 4200 317.
1621 4137 1667 4200 C
1710 4139 1919 4221 viginti
1979 4140 2108 4203 sere
2154 4142 2328 4204 annis
2367 4141 2619 4206 Socrate

453 4247 740 4308 maiorem
784 4244 970 4334 fuisse
1014 4244 1404 4327 Protagoram
1448 4246 1766 4321 manifesto
1811 4254 2072 4330 apparet.
2158 4248 2335 4323 Quod
2394 4246 2626 4309 contir-

452 4360 645 4417 mntur
685 4372 725 4417 a
760 4353 1039 4439 Diogene
1081 4352 1184 4417 tib.
1224 4354 1326 4418 lx.
1367 4362 1432 4431 §-
1467 4357 1597 4419 55:
1643 4348 1845 4421 ”Enetos
1890 4381 2052 4443 φασι
2112 4356 2266 4423 κατὰ
2317 4355 2427 4440 τήν
2477 4348 2625 4417 ὁδὸν

1017 4565 1035 4601 Ι
