2975 4959
1167 334 1261 347 --
1368 300 1518 368 107
1610 270 1712 356 -’

357 476 533 565 segle
575 479 643 544 τὸ
689 482 1069 566 φαινόμενον
1123 480 1358 572 ἑκάστῳ
1404 486 1591 549 τοῦτο
1635 486 1746 547 καί
1782 482 1914 548 ἔστι
1940 532 1956 563 ,
2025 502 2152 548 was
2196 487 2524 567 Demokril,

349 590 460 653 der
502 590 601 665 die
646 593 866 654 Atome
908 593 1085 654 allein
1130 588 1217 654 a”ls
1262 585 1408 655 ὄντα
1456 593 1863 671 betrachtete‚
1925 593 2089 656 nicht
2132 595 2292 657 hatte
2330 614 2522 677 sagen
2599 624 2610 637 ·

346 690 649 761 Ιςὸηηθη.“
691 737 773 750 -
815 700 970 762 haec
1014 701 1199 782 igitur
1243 703 1442 763 omnia
1487 703 1729 783 quidem
1768 720 1913 764 vera
1961 709 2139 787 sunt,
2199 705 2317 766 nisi
2363 703 2526 785 quod

344 806 486 870 illud
552 812 1255 889 „consequenterweise“
1319 808 1451 872 non
1504 812 1652 873 satis
1718 811 2080 893 intelligitur.
2186 811 2306 874 Cur
2365 813 2523 875 enim

341 916 752 997 Protagorae,
813 919 863 979 si
906 919 1343 980 Democriteum
1388 918 1823 1000 philosophiam
1870 936 2018 981 suae
2062 920 2260 999 posuit
2304 919 2527 982 sunda-

344 1032 644 1103 mentum,
702 1026 883 1088 atomi
938 1032 1001 1087 et
1047 1028 1300 1107 spatium
1346 1027 1565 1103 inane,
1621 1028 1831 1107 quihus
1876 1033 2000 1088 tota
2042 1027 2141 1089 illa
2186 1034 2316 1089 erat
2362 1030 2525 1102 nixa,

344 1134 1045 1212 „consequenterweise“
1099 1135 1280 1195 missa
1323 1134 1603 1196 facienda
1650 1136 1904 1222 fuerint,
1968 1134 2242 1214 equidem
2285 1137 2521 1197 nescio.

344 1241 527 1303 lmmo
574 1243 659 1303 ita
706 1241 1114 1304 tantummodo
1156 1242 1285 1322 ipse
1324 1242 1439 1305 sihi
1478 1243 1823 1305 constitisse
1867 1243 1988 1305 dici
2025 1249 2242 1324 potest
2268 1287 2286 1320 ‚
2349 1245 2402 1305 si
2443 1261 2525 1305 ex

327 1348 688 1415 ‚Heraclitea
727 1348 997 1412 doctrina
1041 1368 1162 1412 non
1206 1350 1398 1413 solum
1443 1357 1737 1413 mutuatus
1766 1357 1860 1412 est
1899 1351 2215 1427 nonnulla,
2259 1350 2320 1412 id
2362 1351 2525 1431 quod

351 1457 725 1519 Hermannus
765 1460 1148 1520 concessisse
1175 1461 1319 1522 satis
1355 1459 1538 1520 habet
1579 1459 1755 1539 („Um
1792 1461 1961 1521 seiue
2012 1458 2261 1522 Ansicht
2302 1459 2524 1539 objec-

340 1567 424 1627 tiv
464 1583 540 1626 zu
579 1566 936 1647 begriinden
981 1565 1133 1629 oder
1175 1566 1463 1630 vielmehr
1496 1567 1808 1648 vorstellig
1850 1584 1926 1628 zu
1970 1565 2247 1644 macheu,
2281 1565 2523 1628 scheint

344 1674 708 1756 Protagoras
770 1674 1097 1757 allerdings
1155 1677 1310 1738 auch
1373 1678 1662 1738 manches
1704 1693 1811 1738 aus
1857 1676 1966 1739 der
2008 1674 2522 1738 Heracliteischen

339 1782 536 1845 Lehre
584 1800 703 1845 von
752 1787 887 1846 dem
933 1785 1170 1866 ewigen
1211 1785 1416 1847 Flusse
1459 1784 1728 1847 entlehnt
1770 1802 1846 1847 zu
1895 1785 2133 1859 haben,
2188 1800 2366 1846 wenn
2419 1783 2521 1846 die

338 1908 461 1953 von
507 1892 699 1954 Herrn
753 1891 971 1955 Herbst
1012 1893 1070 1955 S.
1118 1895 1253 1955 115.
1306 1893 1726 1974 aufgefiihrten
1789 1893 2011 1956 Stellen
2074 1893 2246 1956 seinc
2305 1891 2518 1953 Worte

346 2007 478 2063 treu
523 2001 1080 2082 wiedergeben.“),
1143 2002 1254 2063 sed
1293 2002 1693 2064 Heracliteum
1743 2001 1883 2063 illud
1939 2001 2015 2063 de
2055 2002 2337 2063 universa
2382 2017 2521 2061 mo-

340 2111 507 2171 tione
570 2109 845 2190 placitum
907 2111 1273 2191 Protagorae
1330 2127 1569 2191 quoque
1624 2107 1791 2192 οἶρχὴ
1837 2115 2004 2187 erat,
2067 2110 2134 2184 ἐξ
2179 2098 2254 2190 ἧς
2311 2103 2517 2169 πάντα

339 2209 606 2298 ἤρτηται
652 2218 830 2294 (Plat.
876 2218 1120 2280 Theaet.
1162 2236 1301 2299 pag.
1352 2218 1487 2281 156.
1531 2220 1657 2293 Α.).
1739 2218 1887 2281 Nam
1933 2218 2051 2279 hoc
2097 2235 2177 2278 ex
2212 2217 2513 2296 principio

284 2411 287 2414 .
339 2332 619 2387 accurata
703 2327 1162 2388 ratiocinatione
1229 2327 1592 2407 Protagoras
1631 2331 1695 2387 ut
1734 2325 1810 2387 ad
1858 2330 2060 2387 cetera
2116 2325 2335 2405 placita
2385 2340 2515 2403 sua,

339 2432 420 2496 ita
462 2432 540 2495 ad
582 2451 751 2496 suum
794 2436 1064 2513 pervenit
1105 2431 1171 2499 τὸ
1221 2429 1598 2517 φαινόμενον
1641 2426 1907 2515 ἀληθές,
1975 2433 2036 2496 id
2080 2431 2265 2515 quod,
2322 2433 2375 2494 si
2435 2449 2515 2493 cx

338 2540 668 2604 Democriti
714 2540 991 2603 doctrina
1036 2548 1367 2603 atomorum
1416 2543 1714 2622 posuisset
1753 2547 1817 2603 et
1856 2543 2030 2622 spatii
2072 2543 2268 2603 inanis
2308 2558 2513 2601 veram

344 2651 664 2712 essentiam
690 2694 709 2726 ‚
770 2651 1473 2730 „consequenterweise“
1528 2667 1651 2713 non
1712 2654 2022 2732 potuisset.
2127 2651 2326 2725 Quare
2390 2665 2511 2729 ego

335 2757 563 2820 Platoni
607 2758 901 2820 assentire
943 2774 1068 2819 non
1116 2757 1361 2835 dubito,
1421 2757 1523 2838 qui
1564 2758 1959 2820 Heracliteam
2014 2758 2172 2820 hanc
2214 2758 2513 2838 Protago-

336 2882 575 2928 reorum
621 2865 967 2945 placitorum
1012 2871 1280 2928 naturam
1322 2865 1512 2946 probe
1561 2866 1903 2947 perspexit:
1945 2866 2068 2928 vid.
2096 2866 2341 2927 Theaet.
2375 2880 2513 2944 pag.

341 2975 480 3037 152.
518 2974 607 3035 D:
638 2965 810 3037 Ἔστι
854 2954 973 3051 μὲι)
1009 2973 1131 3053 γὰρ
1177 2973 1464 3035 ου’δέποτ’
1507 2973 1732 3053 οὐδέν,
1774 2972 1879 3036 αἐἰ
1918 2973 1990 3035 δὲ
2027 2973 2322 3054 γίγνεται.
2408 2971 2517 3034 καὶ

308 3082 484 3165 'napi
531 3076 750 3143 τούτου
806 3074 1031 3153 πάντες
1069 3075 1213 3160 ἑξῆς
1257 3077 1316 3142 οἱ
1359 3080 1554 3164 σοφοὶ
1608 3079 1770 3164 πλὴν
1811 3080 2228 3161 Παρμενίδου
2270 3080 2514 3161 ξυμφέ-

337 3191 610 3270 ρεσθον,
667 3185 1103 3269 Πρωταγόρας
1161 3209 1228 3253 τε
1287 3187 1396 3251 καί
1444 3185 1851 3270 ‘dexlsttoc
1910 3188 2017 3250 καί
2063 3167 2544 3266 Ἐμπεδοκλῆς(

337 3295 453 3358 Ubi
496 3294 686 3355 dualis
723 3311 1004 3357 numerus
1046 3294 1219 3357 verbi
1263 3298 1705 3379 ξυμφέρεσθον
1744 3314 1778 3358 a
1807 3295 2187 3359 Stallbaumio
2231 3300 2399 3356 recte
2430 3310 2509 3355 eo

338 3403 709 3484 explicatur,
768 3403 968 3482 quod,
1037 3419 1368 3483 quanquam
1414 3405 1526 3465 tria
1570 3405 1687 3465 sint
1741 3405 2023 3482 nomina,
2085 3401 2203 3464 duo
2245 3409 2506 3463 tantum-

340 3513 522 3574 modo
572 3511 744 3591 quasi
783 3527 1012 3592 genera
1067 3509 1277 3573 horum
1320 3528 1459 3573 esse
1503 3511 1990 3593 philosophorum
2032 3510 2195 3573 Plato
2239 3507 2512 3572 indicare

353 3622 643 3698 voluerit,
687 3637 936 3701 quorum
981 3619 1222 3682 alterius
1260 3620 1377 3683 sint
1415 3621 1748 3683 Heraclitus
1788 3627 1866 3697 et,
1906 3621 2003 3698 qui
2050 3619 2209 3680 idem
2248 3617 2518 3698 posuerit

337 3746 483 3792 suae
546 3731 796 3792 rationis
861 3728 1208 3809 principium
1236 3775 1254 3807 ‚
1318 3731 1683 3811 Protagoras
1709 3776 1728 3808 ‚
1784 3728 2027 3791 alterius
2089 3725 2508 3807 Empedocle8‚

335 3836 504 3898 cuius
545 3837 620 3897 de
677 3837 941 3900 motione
980 3834 1257 3917 placitum
1317 3838 1391 3900 ah
1449 3837 1565 3899 illis
1621 3838 1699 3900 sit
1741 3837 2062 3898 diversum.
2148 3835 2320 3897 Conf.
2365 3853 2505 3916 pag.

343 3942 482 4005 160.
529 3944 601 4004 D.

503 4050 671 4124 Quae
716 4071 861 4115 vero
907 4055 1250 4116 discrimina
1299 4053 1669 4115 Hermannus
1730 4052 2028 4113 interesse
2088 4049 2319 4112 monuit
2361 4049 2511 4111 Pro-

342 4164 598 4240 tagorae
640 4160 797 4223 inter
837 4169 896 4223 et
938 4162 1219 4226 Heracliti
1258 4144 1512 4243 placita,
1568 4162 1657 4221 eis
1722 4167 1888 4222 certe
1929 4158 2324 4221 Heracliteum
2371 4172 2511 4218 esse

344 4266 752 4349 Protagoreae
794 4270 1203 4352 philosophiae
1274 4269 1719 4332 fundamentum
1787 4278 2162 4349 nequaquam·
2201 4263 2513 4328 refellitur.

343 4373 754 4459 Theophrasto
797 4384 1043 4443 auctore
1085 4381 1197 4456 (de
1239 4378 1411 4444 Sens,
1455 4385 1516 4454 §-
1563 4376 1698 4455 27.)
1756 4393 1833 4440 ex
1872 4377 2275 4457 Anaxagorae
2314 4371 2512 4435 flera-
