2975 4959
1174 273 1712 343 -2177-

361 470 492 517 cnm
522 455 741 539 Gorgia
777 457 1168 539 confundere,
1211 479 1459 543 quorum
1483 463 1580 524 hic
1610 461 1865 527 libellum
1912 459 2057 545 περὶ
2094 466 2209 526 τοῦ
2233 462 2317 546 μὴ
2348 454 2518 538 ὄντος

364 565 781 644 conscripsit.“
862 567 1049 639 Quam
1098 570 1501 632 coniecturam
1541 571 1941 650 probaverunt
1983 555 2289 633 Herbstius
2333 590 2539 652 argu-

360 672 576 733 mentis
599 689 741 735 usus
763 675 1112 756 lev-ioribuS,
1156 671 1507 759 quam'quae
1530 678 1885 742 refutatione
1932 686 2150 760 egeant
2190 688 2357 760 (pag.
2384 660 2519 742 1⁸12.

363 786 425 842 et
464 797 520 859 q.
566 791 768 861 seqq.)
833 790 927 866 et,
985 802 1314 903 quanquam
1361 787 1457 848 bic
1518 787 1873 866 dubitanter,
1914 787 2263 850 Brandisius
2302 789 2522 851 Histor.

363 888 577 968 philoS.
619 896 757 953 tom.
784 893 825 954 l.
857 911 992 974 pag.
1012 894 1151 955 526.
1180 931 1252 944 —
1279 895 1398 963 Sed
1442 896 1684 958 nimium
1725 913 1871 958 sane
1913 896 2032 958 hoc
2072 897 2324 974 videtur,
2369 897 2523 958 Por-

364 995 576 1077 phyrio
621 997 737 1060 duo
781 1001 1067 1096 imputare
1111 1019 1371 1080 erroreS,
1417 1005 1759 1096 nominasse
1804 1003 2032 1066 scilicet
2079 1021 2210 1066 eum
2230 1005 2524 1085 Protago-

363 1120 491 1167 ram
537 1123 646 1186 pro
706 1107 969 1190 Gorgia,
1016 1109 1234 1173 deinde
1280 1112 1543 1194 Gorgiae
1585 1089 1794 1175 librum
1837 1114 2141 1189 tribuisse,
2182 1130 2354 1192 quem
2399 1131 2523 1203 nou

365 1214 684 1293 scripsisse
709 1215 866 1279 illum
892 1225 1146 1296 constat,
1170 1222 1314 1300 περὶ
1335 1223 1446 1282 τοῦ
1467 1211 1677 1294 B'vrogz
1702 1221 1879 1301 idque
1900 1221 2055 1283 nulla
2080 1220 2192 1283 alia
2220 1220 2296 1281 de
2322 1238 2524 1298 causa,

366 1339 539 1413 quam
569 1323 704 1403 quia
735 1342 939 1387 errare
962 1327 1325 1407 Porphyrius(
1342 1330 1613 1408 potuerit.
1660 1329 1834 1402 Quod
1859 1330 2014 1391 enim
2034 1330 2340 1410 Diogenes
2365 1332 2525 1392 hunc

367 1430 432 1490 in
476 1430 839 1512 Protagorae
878 1433 1043 1495 libris
1091 1453 1211 1497 non
1254 1442 1577 1515 memorat,
1619 1438 1682 1498 in
1727 1454 1803 1499 eo
1845 1436 2109 1500 offendat
2149 1439 2386 1499 nonnisi
2427 1439 2527 1518 qui
2641 1464 2646 1477 .

366 1537 625 1600 Herbstii
667 1541 959 1602 rationem
1002 1549 1245 1604 secutus
1286 1543 1485 1605 omnia
1531 1546 1888 1623 conquirere
1926 1545 2089 1622 velit,
2134 1545 2529 1626 quibuskPro-

263 1667 267 1675 ·
367 1650 616 1727 tagorae
659 1648 1009 1728 scriptorum
1066 1667 1344 1712 numerus
1391 1667 1510 1712 uno
1568 1651 1881 1713 minuatur.
1963 1651 2109 1715 Nam
2156 1670 2329 1732 quam
2374 1652 2527 1715 levis

367 1754 446 1815 sit
479 1753 540 1814 in
581 1753 674 1816 his
717 1756 898 1817 rebus
931 1757 1223 1837 Diogenis
1265 1760 1609 1834 auctoritaS,
1645 1759 1743 1838 qui
1784 1768 1905 1821 non
1954 1758 2193 1828 aliunde
2235 1759 2387 1822 sciat
2428 1759 2531 1821 vel

369 1878 448 1921 ex
474 1878 548 1922 eo
571 1863 912 1943 perspicere
936 1865 1144 1944 possit,
1181 1864 1340 1945 quod
1363 1859 1539 1926 etiam
1559 1864 1899 1928 Aristotelis
1923 1865 2205 1928 librorum
2235 1867 2533 1948 gravissi-

362 1985 498 2035 mos
520 1971 839 2033 nonnullos
865 1971 963 2033 ille
985 1973 1402 2052 praetermisit.
1441 1972 1715 2035 Ceterum
1736 1973 1788 2034 si
1810 1980 2125 2053 propterea
2150 1974 2533 2055 Protagoram

370 2078 639 2141 arbitrati
669 2087 805 2142 sunt
831 2079 1207 2168 aPorpbyrio
1231 2099 1362 2143 cum
1385 2081 1610 2162 Gorgia
1639 2098 1776 2144 esse
1800 2088 2205 2162 permutatum,
2254 2085 2387 2163 quia
2413 2082 2534 2147 hoc
2587 2104 2596 2113 ·

363 2183 517 2248 libro
564 2185 709 2263 τοὺς
749 2188 814 2250 ἓν
854 2185 922 2251 τὸ
969 2181 1036 2275 ὂν
1074 2187 1434 2269 εἰσάγοντας
1477 2189 1670 2252 refelli
1714 2189 1892 2272 dicat,
1937 2190 2193 2271 Gorgias
2224 2208 2369 2253 vero
2401 2192 2534 2271 ipse

367 2284 603 2373 quoque
645 2295 757 2355 οὐκ
803 2289 964 2358 εἶναι
998 2295 1066 2358 ἓν
1103 2291 1178 2357 τὸ
1222 2285 1298 2357 ὅν
1339 2298 1649 2359 statuerit:
1690 2314 1769 2358 ne
1807 2296 1926 2359 hoc
1971 2296 2206 2376 quidem
2247 2279 2417 2360 ullius
2441 2305 2537 2362 est

365 2403 670 2465 momenti.
756 2401 943 2475 Quam
986 2401 1144 2464 enim
1184 2401 1320 2464 leve
1354 2403 1434 2465 sit
1481 2404 1723 2465 omnino
1762 2407 1890 2467 eius
1915 2404 2077 2466 modi
2127 2410 2534 2486 argumentum

361 2518 426 2575 ut
465 2517 731 2588 taceam,
790 2508 909 2572 hoc
954 2509 1094 2572 loco
1137 2527 1214 2572 co
1262 2511 1455 2574 minus
1495 2511 1637 2573 illud
1680 2511 1825 2574 ferri
1864 2518 2098 2593 potest,
2140 2530 2256 2594 quo
2299 2513 2529 2594 planius

361 2636 539 2700 quam
596 2620 815 2699 optime
874 2636 1006 2680 cum
1047 2619 1453 2701 Protagoreae
1512 2620 1924 2701 philosophiae
1967 2628 2175 2684 natura
2222 2639 2529 2703 congrue-

357 2729 436 2791 rit
493 2734 557 2790 ut
617 2745 787 2790 suum
844 2726 918 2789 de
977 2745 1176 2803 rerum
1232 2728 1394 2790 fluxu
1449 2728 1726 2808 placitum
1787 2729 2070 2809 probaret
2128 2730 2527 2793 Eleaticorum

359 2836 847 2919 philosophorum
886 2837 1176 2897 rationem
1213 2837 1569 2918 impugnare
1616 2838 1973 2900 contrariam
2010 2840 2111 2900 uni
2139 2840 2367 2918 cuique
2421 2857 2532 2920 ap-

359 2952 550 3027 paret.
660 2946 740 3008 At
810 2944 1245 3007 obtrectatores
1306 2944 1392 3007 illi
1445 2944 1789 3019 ,Abderitae
1859 2965 1894 3008 a
1960 2947 2287 3029 Protagora
2350 2966 2529 3028 pror-
2617 2942 2626 2951 '

360 3073 462 3118 sus
525 3055 644 3131 hoc
709 3054 963 3117 alienum
1027 3054 1216 3117 fuisse
1278 3052 1608 3120 clamitant:
1686 3056 1898 3135 quippe
1933 3057 2065 3136 ·qu·i
2131 3049 2350 3119 tantum
2413 3060 2528 3119 ab·

354 3162 535 3226 fuerit
586 3170 649 3225 ut
708 3162 809 3243 qui
868 3169 1006 3225 ante
1055 3178 1126 3224 se
1180 3162 1353 3225 aliter
1410 3164 1745 3241 sensissent
1800 3163 2202 3246 impugnaret,
2261 3173 2324 3227 ut
2379 3165 2525 3228 nihil

354 3273 599 3335 omnino
650 3271 812 3351 quod
868 3269 1280 3351 philosophum
1338 3270 1583 3333 deceret
1642 3271 1941 3352 proferret
1989 3272 2163 3336 novi.
2236 3274 2353 3339 Sed
2398 3293 2523 3338 non

294 3370 295 3373 ¹
353 3382 500 3445 satis
543 3380 824 3441 babuisse
863 3378 1249 3460 Protagoram
1295 3395 1404 3440 sua
1458 3385 1720 3440 statuere
1761 3381 2017 3462 placita,
2078 3384 2257 3445 immo
2309 3383 2521 3447 sedulo

355 3507 490 3551 eum
547 3487 1029 3550 adversariorum
1085 3486 1379 3548 rationem
1439 3486 1723 3550 habuisse
1777 3505 1853 3565 eo
1916 3507 2150 3571 quoque
2210 3491 2519 3571 docemur,

357 3596 520 3680 quod
562 3597 637 3659 ab
682 3594 1001 3658 Aristotele
1046 3596 1223 3658 etiam
1268 3601 1610 3677 geometras
1650 3596 2032 3680 impugnasse
2075 3600 2318 3679 dicitur,
2359 3618 2519 3681 quo..

352 3722 482 3768 rum
522 3705 788 3786 figuris‚.
824 3703 1037 3784 quippe
1095 3720 1248 3783 quae
1307 3721 1431 3767 non
1490 3711 1556 3766 ut
1600 3704 1675 3766 ab
1734 3705 1848 3768 illis
1891 3714 2291 3770 statuerentur
2334 3708 2414 3770 ita
2453 3711 2515 3771 in

353 3832 569 3879 sensus
618 3814 943 3892 caderent,
989 3812 1067 3874 ad
1107 3830 1311 3876 verum
1356 3813 1839 3895 perspiciendum
1883 3817 1967 3877 uti
2011 3833 2133 3878 non
2178 3836 2516 3898 possemus,

361 3923 493 3985 vid.
525 3940 663 4005 pag.
695 3923 828 3984 190.
875 3923 928 3985 A
961 3921 1253 3985 Cicerone
1294 3922 1369 3984 de
1391 3922 1556 3986 Orat.
1580 3921 1680 3986 lib.
1706 3922 1801 3985 111.
1849 3942 1978 4005 cap.
2002 3925 2237 3994 XXXII.
2284 3936 2343 4003 §-
2381 3931 2517 3995 128.

360 4032 723 4114 Protagoras
781 4032 843 4093 in
899 4031 974 4093 iis
1033 4033 1401 4108 nominatur,
1462 4031 1564 4111 qui
1619 4031 1925 4112 plurimum
1979 4038 2344 4115 temporibus
2402 4038 2518 4101 illis

357 4142 540 4203 etiam
565 4138 641 4200 de
682 4145 893 4201 natura
926 4155 1121 4202 rerum
1167 4145 1229 4201 et
1272 4138 1662 4200 disseruerint
1703 4144 1766 4200 et
1806 4140 2176 4225 scripserint.
2219 4142 2294 4205 Et
2336 4162 2513 4225 quum

359 4248 435 4310 de
479 4246 576 4310 his
621 4247 800 4309 rebus
844 4245 1054 4308 librum
1099 4264 1134 4308 a
1178 4246 1506 4326 Protagora
1546 4246 1942 4327 conscriptum
1987 4266 2139 4313 esse·
2169 4253 2341 4312 etiam
2388 4252 2517 4316 Pla·

358 4358 516 4421 tonis
566 4355 719 4420 locis
772 4354 1039 4437 proxime
1086 4353 1488 4418 memorandis
1554 4355 1967 4436 confirmetur,
2028 4377 2135 4421 cur
2192 4358 2514 4442 Porphyrio

794 4469 798 4475 ’
1158 4485 1161 4488 ’
2041 4475 2126 4543 12
