2975 4959
1282 296 1828 368 *wo-—

461 485 739 552 facultate
779 484 1032 568 quadam
1077 486 1295 569 insigni
1343 488 1423 548 de
1460 503 1696 568 quaque
1735 485 1866 548 fere
1909 503 1978 548 re
2011 485 2341 547 orationem
2369 500 2645 567 magnam

460 594 783 674 fundendi,
856 613 1055 676 neque
1101 612 1233 657 eam
1278 595 1525 670 rudem,
1566 594 1676 657 sed
1716 595 2014 676 elegantia
2075 601 2424 656 exornatam
2451 641 2468 669 ‚
2533 608 2649 674 qua

458 702 766 767 hominum
811 712 874 767 et
917 722 1098 765 aures
1142 706 1482 784 occupabat
1527 704 1906 784 omniumque
1947 703 2181 767 animos
2224 710 2288 765 ut
2332 704 2482 765 alter
2524 702 2645 764 Or·-

459 813 651 893 pheus
699 820 856 875 totos
906 813 1252 892 abripiebat.
1316 812 1453 892 Pag.
1499 814 1641 874 315.
1681 813 1765 874 A:
1831 813 2058 891 Κηλῶν
2100 813 2176 896 τῇ
2213 815 2393 896 φωνῇ
2433 803 2648 890 ὥσπερ

454 904 759 1004 Ὀρφεύς,
806 917 863 991 οἱ
898 921 975 981 ’δὲ
1018 917 1175 982 κατά
1226 918 1342 1000 τὴν
1392 918 1610 1003 φωνήν
1651 922 1904 982 ἕπονται
1944 920 2365 1000 κεκηλημένοι.
2451 919 2652 992 Quare

461 1029 729 1110 s'op'hista
753 1029 866 1088 οὐκ
910 1024 1382 1108 α’λιγὺγλωσσος
1422 1028 1763 1089 nominatur
1787 1045 1822 1089 a
1849 1027 2096 1088 Timone
2124 1026 2274 1101 (vid.
2297 1028 2458 1089 Sext.
2485 1025 2651 1107 Emp.

458 1137 496 1198 1.
528 1155 664 1218 pag.
694 1138 826 1198 ¹55.
856 1136 1034 1212 ἤιά).
1077 1136 1266 1209 Quam
1292 1137 1585 1201 orationis
1609 1135 1960 1219 suavitatem
1983 1151 2060 1197 eo
2091 1133 2652 1197 maxime'ess'ecisse
2711 1148 2724 1159 *

461 1245 719 1323 videtur,
762 1243 921 1324 quod
952 1245 1285 1305 orationem
1319 1243 1569 1305 floribus
1612 1243 1964 1324 quibusdam
1993 1258 2306 1304 exornare
2339 1243 2650 1322 praeclare

462 1352 700 1416 sciebat
747 1354 1047 1432 rebusque
1109 1352 1401 1417 similibus
1463 1359 1548 1421 ut,
1589 1353 1879 1437 exemplis
1938 1353 2225 1428 insertiS‚
2290 1351 2649 1432 scholasque

461 1479 606 1524 suas
651 1460 865 1541 mythis
913 1461 1173 1540 aliisque
1233 1460 1291 1520 id
1349 1477 1545 1539 genus
1606 1477 1762 1538 quae
1822 1461 1898 1520 ad
1942 1461 2196 1521 animum
2263 1459 2647 1522 detinendum

461 1570 734 1631 facerent
803 1569 1127 1635 variabat..
1184 1566 1311 1629 Huc
1358 1568 1613 1647 pertinet
1639 1594 1664 1642 ‚·
1722 1567 1882 1648 quod
1948 1568 2100 1647 apud
2149 1567 2449 1628 Platonem
2492 1569 2646 1636 Prot.

372 1654 389 1683 “
460 1694 600 1759 pag.
643 1676 1110 1777 31630-317,
1159 1677 1207 1737 E
1254 1676 1368 1749 iam
1413 1677 1741 1750 Musaeum,
1785 1675 2104 1756 Orpheum,
2151 1676 2495 1752 Homerum,
2524 1677 2652 1738 He·-

464 1785 724 1860 siodum,
763 1784 1129 1853 Simonidem
1161 1784 1462 1864 sophistas
1509 1784 1691 1845 fuisse
1737 1785 2002 1863 exponit,
2046 1791 2221 1862 atque
2266 1784 2497 1846 illorum
2542 1803 2650 1846 ra·-

454 1895 694 1955 ¹tionem
751 1872 895 1957 artis
940 1893 1322 1957 exercendae
1366 1911 1504 1955 cum
1550 1910 1656 1954 sua
1703 1910 2059 1973 comparans
2104 1892 2243 1971 quid
2293 1895 2370 1955 sit
2429 1893 2650 1955 discri-

466 2003 645 2065 minis
691 2000 918 2063 indicat
987 2003 1144 2065 inter
1202 2009 1531 2080 utramque.
1622 2000 1855 2063 Deinde
1899 2007 1963 2062 ut
2001 2001 2309 2064 Socratem
2359 2001 2651 2067 retonans

459 2127 539 2172 ne
582 2108 1099 2173 demonstratione
1144 2110 1284 2171 exili
1320 2116 1519 2171 utatur
1560 2114 1737 2189 atque
1778 2109 2014 2186 ieiuna,
2071 2126 2199 2171 rem
2245 2125 2368 2170 non
2411 2109 2639 2190 vulgari

469 2220 749 2282 oratione
794 2218 903 2280 sed
943 2217 1148 2298 mytho
1187 2217 1420 2299 planam
1468 2217 1612 2279 facit
1651 2234 1785 2298 pag.
1818 2216 1960 2279 320.
2006 2215 2091 2278 C:
2160 2213 2346 2280 Ἀλλὰ
2394 2216 2654 2298 πότερον

465 2327 620 2406 ὑμῖν
678 2324 767 2399 ὥς
843 2327 1271 2406 πρεσβύτερος
1332 2326 1659 2405 νεωτέροις
1718 2326 1932 2403 μῦθον
2002 2327 2198 2405 λέγων
2259 2322 2551 2400 ἐπιδειξω
2615 2315 2656 2408 ἢ

466 2434 629 2521 λόγῳ
660 2429 1029 2511 διεξελθώνς
1074 2436 1299 2495 πολλοὶ
1339 2423 1445 2494 οὖν
1470 2431 1647 2518 αὐτῷ
1690 2431 2004 2512 ὑπέλαβον
2045 2434 2172 2496 τῶν
2192 2438 2653 2516 παρακαθημέ-

464 2566 609 2620 νων,
652 2539 962 2621 ὁποτέρως
982 2537 1275 2619 βούλοιτο
1304 2534 1466 2601 οὕτω
1511 2541 1827 2616 διεξιέναι.
1868 2543 2066 2604 Δοκεῖ
2088 2546 2300 2604 τοίνυν
2328 2563 2458 2620 μοι,
2503 2539 2649 2626 ἔφη,

468 2652 887 2733 χαριέστερον
933 2642 1109 2711 εἶναι>
1150 2649 1361 2725 μῦθον
1406 2645 1556 2725 ὖμῖν
1589 2650 1818 2727 λέγειν.
1908 2648 2082 2723 Quod
2144 2669 2337 2731 genus
2393 2651 2655 2715 docendi

472 2757 780 2837 auditores
845 2755 924 2819 ob
992 2773 1091 2817 res
1153 2771 1342 2816 novas
1404 2754 1603 2835 lepide
1665 2773 1902 2835 semper
1963 2758 2218 2820 insertas
2286 2776 2654 2840 magnopere

474 2866 828 2929 delectabat.
874 2855 887 2862 χ
919 2864 1121 2936 Quare
1163 2862 1460 2925 Himerius
1506 2863 1669 2924 Orat.
1720 2863 1881 2926 XXl.
1923 2872 1977 2938 §.
2028 2867 2120 2927 11.
2163 2866 2467 2946 discipulis
2498 2867 2656 2929 hunc

472 2975 670 3054 ipsum
715 2972 977 3052 mythum
1026 2970 1357 3051 respiciens
1400 2971 1768 3051 Protagorae
1811 2971 2049 3034 dicendi
2105 2991 2300 3055 genus
2344 2992 2657 3036 commen·

475 3082 615 3143 dat:
667 3073 884 3159 Ἔχετε
927 3081 1057 3159 νῦν,
1097 3070 1150 3140 αἶ
1194 3080 1452 3152 παῖδες,
1518 3078 1627 3140 καὶ
1665 3076 1774 3141 τὸν
1824 3079 2264 3163 Πρωέαγόρου
2307 3077 2490 3164 λόγον
2535 3082 2658 3164 οὐχ

474 3179 662 3270 ἦττον
714 3181 893 3268 ἡμῶν
938 3183 1089 3266 πρὸς
1132 3182 1202 3246 τὸ
1268 3182 1607 3248 ποικίλλειν
1659 3183 1809 3259 τούς
1851 3183 2071 3268 λόγους
2116 3188 2221 3252 διὰ
2273 3192 2387 3253 τοῦ
2441 3187 2657 3268 μύθου

473 3294 1060 3375 παρασκευάζοντα.
1143 3297 1385 3372 μᾶλλον
1430 3294 1540 3375 δέ,
1595 3293 1783 3357 αὐτοὶ
1821 3290 1942 3379 γάρ
1990 3293 2268 3380 φθάνετε
2310 3301 2422 3360 καί
2457 3302 2657 3378 ,Πρω-

472 3405 751 3483 ταγόραν
789 3400 951 3479 κιῖμὲ
996 3396 1105 3483 τῆν
1149 3405 1460 3464 ποικιλίαν
1502 3399 1868 3482 αἱρούμενοι
1911 3410 1971 3465 et
2012 3422 2069 3485 q.
2112 3423 2277 3487 seqq.
2318 3444 2400 3455 —
2441 3407 2659 3468 Prota-

475 3528 669 3596 gorae
715 3512 895 3592 igitur
953 3510 1148 3572 oratio
1208 3507 1377 3571 fluxit
1418 3510 1589 3590 quasi
1634 3527 1712 3570 ex
1777 3510 1941 3572 fonte
1999 3513 2397 3575 inexhausto:
2459 3530 2657 3593 neque

476 3638 628 3682 vero
674 3617 860 3681 effusa
907 3624 1133 3679 tantum
1181 3624 1354 3692 erat,
1397 3616 1507 3679 sed
1554 3617 1865 3698 eleganter
1900 3626 2159 3697 structa,
2201 3620 2399 3701 lepide
2439 3638 2519 3709 ac.
2555 3621 2658 3683 fa-

476 3735 613 3792 cete
654 3734 968 3804 exornata,
1015 3733 1075 3788 et
1117 3725 1275 3806 quod
1319 3725 1395 3788 ad
1435 3727 1795 3788 exteriorem
1828 3727 2108 3791 dictionis
2149 3728 2409 3804 habitum
2451 3737 2513 3793 et
2550 3747 2661 3793 or-

473 3842 674 3898 natum
717 3835 992 3914 pertinet,
1033 3836 1180 3896 satis
1221 3834 1495 3914 insignis,
1562 3833 1756 3895 ‘'Cont'.
1798 3834 1900 3897 lib.
1947 3835 2044 3899 lV.
2089 3854 2218 3917 cap.
2263 3835 2360 3898 111.
2407 3845 2531 3899 ext.

646 3943 854 4022 Neque
894 3960 1043 4004 vero
1088 3942 1352 4003 externis
1396 3949 1621 4005 tantum
1666 3945 2033 4007 ornamentis
2080 3945 2416 4026 distinctam
2470 3946 2658 4009 fuisse

481 4052 853 4132 Protagorae
912 4050 1273 4127 dictionem,
1337 4049 1446 4112 sed
1504 4052 1680 4113 etiam
1727 4052 1908 4117 rebus
1963 4054 2108 4134 ipsis
2152 4054 2477 4116 tractandis
2522 4071 2660 4118 eum

485 4159 866 4237 excelluisse,
907 4159 1103 4220 multis
1146 4159 1504 4221 testimoniis
1550 4158 1786 4239 planum
1828 4161 1906 4223 fit.
1992 4161 2056 4223 ln
2102 4164 2316 4242 quibus
2361 4164 2661 4245 gravissi-

480 4285 639 4347 mum
687 4267 817 4329 fere
864 4273 1002 4344 est,
1067 4268 1226 4346 quod
1286 4268 1415 4347 ipse
1456 4268 1620 4329 Plato
1680 4285 1789 4348 per
1817 4270 1970 4351 plus
2030 4270 2421 4352 quadraginta
2470 4288 2670 4334 annos

479 4376 848 4459 Protagorae
923 4376 1141 4441 famam
1212 4376 1489 4438 eximiam
1558 4377 1747 4439 fuisse
1813 4379 1941 4457 ait,
2013 4396 2212 4460 neque
2275 4386 2412 4460 post
2473 4380 2666 4459 ipsius
