2975 4959
1230 318 1325 335 ....
1426 284 1530 353 93·
1634 317 1729 336 ...-

395 471 593 549 cadit,
654 477 862 534 namra
900 485 1037 531 ’cum
1084 486 1119 531 a
1163 470 1397 540 tamone
1452 466 1752 549 pendeat,
1807 484 1922 548 qua
1957 466 2080 532 -illa
2146 468 2205 532 in
2263 468 2567 533 hominurn

393 595 610 642 sensus
653 583 962 640 moveatur
984 622 1006 652 ,
1069 577 1329 640 omnium
1376 593 1572 638 rerum
1634 574 2003 640 sensibilium
2046 569 2216 657 λόγοι
2255 577 2566 655 (Grunde)

392 692 455 752 in
501 689 651 769 ipsis
711 687 892 750 rebus
956 686 1265 766 corporeis
1310 685 1488 765 positi
1533 690 1687 747 sunt.
1769 684 1983 748 Sextus
2046 685 2203 747 enim
2251 679 2403 768 ὕλης
2449 704 2570 749 no-

394 800 558 861 mine
598 814 702 860 res
744 813 1073 876 corporeas
1119 792 1596 875 comprehendit,
1637 799 1701 854 ut
1738 793 1955 856 eodem
1996 795 2190 874 capite
2216 793 2410 874 paullo
2453 813 2573 858 an-

396 915 530 969 tea:
578 907 784 987 Φησίν
824 895 938 965 οὖν
983 899 1015 965 ὅ
1061 902 1242 983 α’νὴρ,
1283 898 1400 983 τὴν
1441 893 1602 984 ὕλην
1648 898 1923 983 ῥευστὴν
1961 894 2143 982 εἶναι,
2191 899 2454 985 ῥεούσης
2497 903 2572 967 δὲ

394 1008 597 1095 αὖτῆς
638 1013 917 1093 συνεχῶς
962 1012 1337 1093 προσθέσεις
1371 1000 1511 1073 α’ντί
1555 1010 1682 1072 τῶν
1727 1005 2190 1093 οἶποφορήσεων
2222 1009 2573 1090 γώννεσθαι,

391 1121 617 1197 Quibus
665 1120 741 1182 de
786 1119 987 1181 verbis
1045 1135 1218 1199 quam
1269 1115 1583 1180 Wendtius
1625 1119 1812 1180 movit
1861 1117 2148 1180 dubitatio
2207 1117 2282 1179 ad
2326 1118 2570 1180 Tenne-
2625 1163 2634 1172 .

344 1259 347 1260 ⁷
397 1230 596 1293 manni
637 1228 856 1291 Histor.
900 1226 1120 1307 philos·
1164 1232 1303 1288 tom.
1345 1225 1389 1288 1.
1430 1243 1569 1306 pag.
1612 1225 1758 1303 502,
1809 1225 1982 1305 „weil
2025 1225 2388 1306 Protaoeras
2432 1244 2578 1289 ver-

394 1337 634 1402 mieden
705 1336 901 1398 haben
967 1334 1241 1413 winde,-
1296 1349 1415 1396 von
1485 1335 1658 1396 einer
1726 1327 1844 1415 ὅλη
1909 1333 1998 1395 als
2063 1332 2429 1411 Selendem‚
2495 1351 2576 1398 zu

394 1444 639 1511 Grunde
675 1443 1043 1526 Liegendem
1089 1461 1164 1505 zu
1204 1441 1537 1523 spu-*schem
1561 1488 1582 1521 ‚
1638 1440 1835 1521 aliqua
1889 1458 1971 1502 ex
2010 1448 2177 1522 parte
2219 1448 2314 1504 est
2367 1443 2574 1506 nimia.

377 1547 529 1638 Ὕλη
571 1571 694 1617 vox
740 1552 977 1633 quidem
1016 1570 1053 1614 e
1088 1552 1251 1615 Sexti
1294 1551 1490 1632 potius
1535 1568 1710 1631 quam
1751 1568 1787 1611 e
1830 1550 2197 1631 Protagorae
2256 1568 2369 1613 usu
2412 1550 2572 1613 dicta

392 1680 531 1726 esse
572 1662 824 1725 videtur.
889 1659 1009 1725 Sed
1048 1659 1191 1722 nihil
1238 1665 1331 1720 est
1372 1676 1480 1721 cur
1509 1657 1825 1721 Wendtius
1844 1656 2168 1735 Seiendcm,
2208 1676 2286 1719 zu
2329 1659 2577 1723 emmae

395 1757 747 1852 Lieqendem
798 1776 960 1832 tanta
1002 1786 1134 1831 cum
1194 1769 1253 1830 vi
1300 1767 1553 1845 efferat,
1616 1784 1770 1847 quae
1828 1767 1997 1828 notio
2054 1768 2114 1829 in
2160 1766 2324 1830 Sexti
2367 1769 2574 1832 verbis

392 1899 517 1944 non
561 1882 735 1943 inest.
816 1879 965 1943 Nam
1008 1877 1044 1959 ἦ
1089 1873 1210 1958 ὕλη
1250 1873 1481 1959 ρευστή
1523 1876 1696 1937 ἐστιν
1739 1874 1885 1937 nihil
1928 1882 2021 1937 est
2052 1877 2169 1938 nisi
2214 1873 2253 1958 ἦ
2297 1868 2415 1959 υλη
2458 1872 2575 1959 ῥεῖ,

395 1991 456 2053 id
501 1989 661 2070 quod
705 2006 838 2052 cum
898 1988 1270 2066 Protagorae
1325 1984 1546 2064 placito
1612 1982 1758 2046 nibil
1821 2001 1960 2045 esse
2015 1984 2127 2046 sed
2182 1984 2313 2048 fieri
2372 1985 2574 2049 omnia

390 2116 762 2180 nequaquam
808 2079 1083 2178 pugnak'
1135 2095 1282 2157 Eam
1340 2093 1529 2175 ipsam
1572 2093 1731 2154 enim
1774 2090 1855 2155 ob
1900 2109 2177 2171 causam,
2225 2093 2388 2174 quod
2445 2088 2573 2176 ὅλη

392 2224 629 2290 semper
666 2206 811 2270 fluat
852 2213 1029 2286 atque
1072 2209 1348 2281 mutetur,
1394 2218 1518 2264 non
1560 2217 1701 2264 esse
1741 2217 1874 2263 eam
1920 2200 2085 2263 dicit.

1383 2391 1449 2459 §-
1497 2386 1556 2446 8.

520 2554 922 2632 Quaecunque
955 2551 1151 2613 adbuc
1175 2551 1574 2631 exposuimus
1605 2550 1965 2631 Protagoras
1996 2549 2155 2611 dicto
2182 2547 2282 2611 illo
2304 2541 2565 2611 omnium

390 2658 761 2722 nobilissimo
804 2661 1010 2740 paucis
1050 2659 1253 2720 verbis
1297 2657 1764 2738 comprehendit.
1854 2657 2135 2731 Quamvis
2179 2659 2334 2719 enim
2379 2657 2564 2718 variis

394 2768 616 2830 fluendi
658 2768 866 2830 formis
914 2784 1122 2830 omnes
1164 2767 1307 2828 fiant
1359 2783 1459 2827 res
1516 2766 1868 2842 sensibilesg
1930 2767 2305 2844 omniumque
2364 2782 2565 2827 rerum

388 2878 656 2940 rationes
710 2878 771 2939 in
831 2876 960 2957 ipsa
1001 2877 1248 2937 materia
1298 2875 1525 2956 positas
1568 2892 1707 2936 esse
1757 2892 1889 2936 cum
1930 2874 2114 2938 Sexto
2160 2872 2418 2936 fortasse
2465 2872 2562 2934 di-

390 3005 532 3049 cere
572 2987 933 3067 possimusz'
967 2990 1208 3062 tamen,
1256 2986 1535 3064 quoniam
1580 2983 1638 3044 id
1686 2989 1908 3048 tantum
1956 2987 2088 3061 est,
2134 2983 2293 3063 quod
2335 2982 2559 3044 homini

388 3095 566 3157 alicui
612 3113 750 3157 esse
791 3093 1085 3171 videatur,
1127 3094 1323 3154 omnia
1369 3093 1442 3154 ab
1484 3091 1821 3153 hominibus
1863 3091 2130 3171 pendere
2177 3096 2441 3171 apparet,
2486 3089 2566 3152 ad

342 3210 347 3214 '
383 3219 613 3284 eosque
662 3220 900 3283 semper
939 3209 1077 3263 esse
1116 3201 1455 3263 referenda.
1513 3198 1582 3261 Id
1626 3205 1740 3279 est,
1785 3200 1945 3280 quod
1972 3199 2333 3281 Protagoras
2375 3201 2568 3280 aptis-

382 3316 534 3378 sime
581 3319 644 3376 et
685 3313 1168 3376 commodissime
1217 3312 1297 3374 ita
1342 3309 1678 3390 expressit:

586 3471 689 3536 XI.
776 3465 1048 3534 Πάντων
1102 3456 1467 3552 χρημάτων”
1512 3469 1745 3545 μέτρον
1804 3454 2188 3546 ἅνθρωπος,
2255 3467 2386 3529 ’ταῖν
2445 3467 2567 3546 μὲν

384 3573 577 3647 ὄντων
620 3579 708 3657 ὥς
751 3575 902 3661 ἔστι,
944 3579 1071 3643 ταῖν
1114 3577 1186 3640 δὲ
1227 3574 1337 3639 οὐκ
1382 3565 1571 3640 ὅντων
1610 3572 1697 3650 ὥς
1744 3569 2088 3664 οὐκέστιν.

384 3722 549 3795 Quae
591 3721 720 3801 ipsa
761 3736 901 3782 esse
945 3718 1248 3798 sophistae
1291 3716 1476 3779 verba
1521 3723 1788 3779 veterum
1851 3713 2003 3777 locis
2063 3713 2409 3794 planissime
2453 3731 2568 3797 ap-

379 3833 567 3909 paret.
653 3827 783 3891 vid.
825 3826 970 3890 Plat.
1017 3825 1440 3907 'moach-pag.
1490 3825 1626 3886 152.
1667 3825 1759 3886 A:
1808 3822 1939 3885 ΣΩ.
1981 3855 2064 3872 -
2091 3817 2204 3886 Ὃν
2244 3817 2417 3903 ἔλεγε
2460 3824 2571 3887 καὶ

383 3931 845 4016 Πρωταγόρας.
927 3932 1162 4016 τρόπον
1211 3932 1283 3996 δέ
1339 3955 1478 3996 τινα
1535 3924 1727 3995 ἄλλον
1766 3930 1973 4013 εἴρηκε
2013 3926 2088 3993 τά
2141 3927 2302 3994 αὐτὰ
2342 3933 2567 3999 ταῦτα.

384 4043 549 4126 φησί
605 4039 725 4122 γάρ
785 4065 903 4106 που
967 4039 1219 4103 πάντων
1274 4038 1628 4121 χρημάτων
1686 4041 1913 4118 μέτρον
1973 4029 2311 4120 ἄνθρωπον
2367 4031 2567 4114 εἶναι,

380 4151 507 4213 τῶν
561 4150 679 4227 μὲν
736 4140 932 4213 ὄντων
985 4142 1071 4222 ὥς
1123 4144 1299 4227 ἔστι,
1356 4149 1478 4216 τῶν
1532 4147 1603 4209 δὲ
1652 4144 1743 4228 μὴ
1800 4140 1997 4210 ὄντων
2056 4144 2144 4219 ὥς
2202 4145 2318 4208 ov'x
2376 4140 2571 4207 ἔστιν.

382 4258 738 4338 οἷνέγνωκας
778 4252 901 4338 γάρ
949 4276 1108 4333 nov;
1174 4255 1410 4319 ΘΕΑΙ.
1481 4254 1825 4334 Ἀνέγνωκα
1884 4256 1991 4316 καὶ
2030 4247 2345 4323 πολλάκις.
2427 4251 2569 4331 Pag.

389 4365 529 4460 1603
571 4364 654 4426 C:
716 4362 847 4427 ΞΩ.
887 4364 1176 4450 υὈυκοῦν
1206 4355 1330 4427 ·ὁ’τ“ε
1392 4363 1468 4445 δὴ
1513 4357 1582 4425 τὸ
1624 4363 1737 4441 ἐμὲ
1794 4361 2019 4452 ποιοῦν
2073 4361 2222 4438 ἐμοί
2270 4360 2405 4421 ἐστι
2468 4355 2579 4419 καὶ
