2975 4959
1206 239 1695 353 ...37-

362 492 542 548 τερος
583 470 884 550 τέσσαρσι
928 471 1057 534 -2
1130 471 1416 533 Homines
1454 470 1608 545 duo‚.
1636 488 1881 552 quornm
1928 469 2078 534 aiter
2118 472 2308 534 altero
2352 478 2530 553 qnat-

361 583 496 639 tuor
541 577 714 639 annis
756 577 948 638 maior
993 582 1126 654 est,
1191 594 1395 638 nonne
1435 576 1717 657 aequales
1758 578 1946 660 aptius
1993 576 2311 658 dicuntur,
2353 600 2528 662 quam

363 686 513 747 alter
545 682 944 766 πρεσβύτης,
1005 683 1154 747 alter
1209 686 1400 757 νέοςῩ
1481 686 1947 769 Anaxagoram,
2011 689 2110 769 qui
2172 672 2282 770 per
2337 707 2532 753 annos

367 792 742 874 septuaginta
776 792 924 856 ·duo
983 795 1045 856 in
1100 794 1254 856 vivis
1313 794 1420 856 fuit
1441 841 1460 872 ‚
1522 796 1959 876 sexagesimum
2007 804 2276 877 quartum
2336 815 2531 881 agen-

367 910 489 965 tem
550 901 657 964 tibi
716 901 907 981 fingas
935 946 954 979 ,
1016 901 1419 963 Democritum
1477 918 1630 963 vero
1693 903 2170 983 sexagesimum:
2236 922 2374 967 num
2433 903 2532 967 hic

365 1011 501 1082 νέος
548 997 924 1089 comparatus
974 1026 1106 1070 cum
1149 1005 1303 1070 illo?
1383 1007 1647 1071 Alterum
1691 1009 1792 1071 sac
1834 1005 2239 1089 tricenarium,
2284 1012 2532 1075 alterum

369 1119 576 1199 viginti
636 1134 748 1178 sex
792 1133 983 1178 annos
1038 1116 1391 1179 habentem:
1451 1123 1584 1178 uter
1625 1118 2026 1198 πρεσβύτηςῗ
2109 1118 2533 1200 Quemcunque

366 1226 548 1289 sumis
590 1225 840 1305 gradum
883 1225 1095 1288 aetatis
1122 1270 1140 1302 ‚
1180 1242 1303 1286 non
1349 1225 1717 1303 invenietur,
1766 1226 1859 1286 cui
1901 1225 2018 1286 hoc
2063 1225 2388 1289 Democriti
2436 1227 2536 1288 di-

366 1341 522 1397 ctum
592 1333 863 1414 adaptari
920 1336 1131 1415 possit.
1215 1332 1334 1396 Sed
1394 1332 1784 1415 quadraginta
1853 1333 1991 1394 anni
2047 1334 2164 1395 tale
2213 1334 2534 1397 discrimen

367 1443 669 1527 efficiunt:
735 1439 1092 1505 adolescens
1137 1438 1344 1521 viginti
1385 1445 1683 1520 ¹quattuor
1728 1456 2053 1518 annorum,
2113 1446 2178 1501 ut
2228 1440 2345 1500 hoc
2398 1445 2533 1501 utar

365 1568 651 1628 numero,
716 1551 844 1613 iure
883 1549 1214 1628 meritoque
1265 1548 1402 1622 νέος
1463 1547 1750 1629 apellatur
1791 1554 2168 1632 comparatus
2207 1565 2342 1609 cum
2386 1565 2536 1610 sene

363 1659 802 1741 sexagesimum
846 1663 1115 1737 quartum
1158 1662 1395 1738 agente.
2333 1669 2336 1672 ’

500 1766 690 1847 Baylii
722 1766 1180 1828 observationes
1209 1765 1338 1828 fere
1365 1764 1536 1828 nihili
1560 1765 1874 1827 faciendae
1895 1763 2050 1828 sunt.
2098 1764 2154 1827 ls
2178 1766 2339 1827 enim
2359 1771 2531 1846 post-

365 1891 538 1955 quam
555 1875 957 1956 Anaxagorae
979 1874 1187 1948 aetatis
1209 1873 1672 1953 descriptionem
1692 1874 2164 1935 testimoniorum
2187 1873 2534 1952 diversitate

364 1984 656 2045 turbatam
711 1999 851 2044 esse
894 1981 1045 2043 dixit
1103 1982 1456 2063 magnisque
1512 1980 1949 2043 difficultatibus
1997 1981 2373 2061 impeditam,
2421 1997 2531 2041 sua

370 2091 738 2173 negligentia
784 2092 960 2151 etiam
1003 2106 1195 2152 novas
1240 2088 1450 2165 intulit,
1497 2089 1606 2151 sed
1653 2106 1810 2168 quae
1849 2089 1971 2150 tolli
1999 2095 2354 2168 potuerunt:
2399 2089 2537 2149 vide

363 2199 537 2284 huius
581 2214 821 2280 paragr.
857 2204 1005 2284 part.
1054 2196 1097 2257 1.
1182 2196 1412 2258 Deinde
1470 2213 1548 2257 ex
1602 2202 1765 2258 tanta
1823 2203 2131 2258 auctorum
2184 2195 2343 2258 mole
2398 2212 2533 2258 eum

364 2307 568 2387 elegit,
611 2307 708 2368 cui
737 2307 996 2368 omnium
1041 2305 1104 2367 in
1148 2302 1239 2366 his
1284 2304 1471 2365 rebus
1512 2303 1749 2366 minima
1792 2304 1944 2366 fides
1984 2309 2096 2379 est,
2133 2303 2345 2392 Aulum
2384 2302 2532 2365 Gel-

363 2415 504 2478 lium
545 2415 721 2481 Noct.
765 2416 885 2477 Att.
932 2413 1032 2479 lib.
1083 2413 1257 2477 XVll.
1308 2432 1437 2494 cap.
1485 2415 1604 2476 91:
1676 2412 1912 2494 „itaque
1964 2415 2026 2475 i'n
2086 2413 2203 2475 hcc
2267 2420 2532 2494 tempore

363 2522 598 2585 nobiles
662 2522 1050 2603 celebresque
1116 2521 1448 2602 Sophocles
1511 2539 1585 2583 ac
1650 2521 1867 2583 deinde
1931 2521 2246 2601 Euripides
2320 2519 2533 2600 tragici

362 2635 580 2711 poetae
647 2637 708 2691 et
767 2631 1158 2711 Hippocrates
1219 2629 1488 2692 medicus
1553 2634 1614 2690 et
1673 2630 2047 2692 Democritus
2108 2626 2533 2709 philosophuS,

361 2738 573 2820 quibus
613 2737 897 2801 Socrates
938 2735 1322 2798 Atheniensis
1361 2740 1503 2797 natn'
1562 2734 1796 2814 quidem
1856 2735 2156 2815 posterior
2212 2734 2360 2811 suit,
2420 2734 2530 2795 sed

361 2845 710 2926 quibusdam
735 2845 1100 2925 temporibus
1127 2843 1354 2912 eisdem
1399 2843 1730 2905 vixerunt.“
1811 2840 1874 2903 In
1922 2848 2166 2921 promta.
2193 2842 2347 2902 enim
2395 2848 2532 2903 sant

361 2954 652 3034 exempla,
695 2954 906 3034 quibus
950 2953 1197 3016 Gellium
1239 2969 1350 3031 per
1392 2950 1511 3013 hec
1556 2956 1751 3032 caput,
1796 2968 1917 3031 quo
1957 2955 2324 3029 conspectus
2357 2954 2527 3011 aeta..

358 3068 478 3125 tum
526 3063 1060 3142 antiquissimarum
1110 3064 1172 3120 et
1216 3058 1478 3119 virorum
1520 3056 1866 3134 illustrium,
1931 3056 2029 3135 qui
2069 3055 2183 3117 iltis
2230 3055 2524 3117 aetatibus

256 3203 259 3206 ·
363 3173 684 3248 vixerunt,
748 3170 1125 3243 continetur,
1187 3183 1369 3246 saepe
1410 3171 1650 3227 errasse
1694 3164 2137 3227 demonstrabo.
2226 3163 2524 3238 Quodne

358 3282 602 3342 nimium
648 3281 1370 3357 miremur-,conspectum
1411 3277 1585 3337 istum
1632 3292 1708 3336 ex
1749 3275 2231 3356 excerptionibus
2274 3275 2548 3352 compo-‘

356 3390 532 3451 situm
578 3404 716 3449 esse
760 3387 887 3467 ipse
932 3386 1053 3460 ait,
1106 3401 1255 3463 quas
1295 3383 1477 3444 variis
1526 3382 1898 3463 diversisque
1940 3381 1999 3443 in
2046 3380 2197 3442 locis
2242 3397 2319 3440 ex
2357 3379 2524 3440 libris

357 3497 457 3579 qui
512 3495 786 3559 chronici
838 3491 1202 3575 appellentur
1262 3492 1452 3553 factas
1512 3489 1729 3552 cursim
1789 3491 2142 3571 digesserit3
2207 3504 2401 3566 neque
2463 3487 2524 3547 id

357 3607 472 3669 sibi
512 3605 816 3687 negotium
880 3600 1101 3677 fuisse,
1160 3602 1223 3658 ut
1278 3597 1402 3658 acri
1458 3602 1633 3675 atque
1678 3594 1873 3657 subtili
1921 3612 2063 3656 cura
2109 3591 2524 3672 excellentium

354 3717 415 3778 in
457 3722 708 3794 utraque
753 3716 935 3793 gente
1000 3707 1297 3771 hominum
1361 3704 1862 3787 συγχρωνισμούς
1924 3707 2348 3781 componeret,
2414 3701 2521 3762 sed

355 3830 423 3886 ut
484 3823 704 3886 Noctes
764 3820 916 3881 istae
975 3815 1416 3897 quadamtenus.
1459 3812 1553 3876 his
1617 3828 1851 3897 quaque
1912 3810 2199 3873 historiae
2259 3809 2532 3875 flosculis

352 3930 567 3994 leviter
605 3927 839 3991 iniectis
884 3930 1363 4006 aspergerentur.
1452 3922 1639 3996 Quam
1686 3919 2074 3984 flosculorum
2110 3919 2332 3998 passim
2376 3935 2520 3979 car-

349 4046 583 4120 ptorum
614 4042 879 4098 naturam
902 4041 1019 4095 tam
1051 4039 1258 4113 aperte
1283 4049 1428 4111 prae
1469 4049 1545 4092 se·
1564 4030 1776 4105 ferunt,
1817 4035 1878 4090 ut
1911 4028 2318 4107 scripturae-c
2337 4043 2524 4105 prae-

346 4143 633 4209 monendi
656 4142 861 4204 labore
883 4133 1280 4220 supersedere
1315 4139 1592 4218 potuerit.
1636 4135 1885 4199 Primum
1906 4135 2072 4197 enim
2091 4133 2227 4212 ipso
2248 4133 2395 4194 locu
2416 4132 2521 4194 illo

355 4244 528 4336 quem
575 4247 998 4332 exscripsimus
1038 4248 1288 4312 Socrate
1346 4250 1489 4306 natu
1533 4245 1820 4307 maiorem
1861 4244 2283 4323 Hippocratem
2320 4240 2523 4301 medi.-

360 4378 494 4426 cum
549 4355 735 4424 fuisse
796 4357 1019 4438 tradit,
1077 4372 1249 4438 quem
1311 4337 1656 4418 arina-460.
1700 4350 1903 4417 limem.
1953 4349 2267 4433 aspexisse
2317 4347 2525 4411 Histe-
