2975 4959
1329 306 1819 373 ..52-

350 495 360 512 ⁸
483 494 547 558 si
599 494 733 572 quis
783 492 861 554 de
920 491 1184 553 Timonis
1247 490 1500 554 dicterio
1559 510 1692 555 cum
1731 490 2009 553 Herbstio
2072 476 2490 554 consentiens?
2521 488 2662 570 quid

484 601 626 665 mihi
668 599 944 663 videatur
985 600 1287 679 requirat,
1346 599 1512 682 legat
1553 607 1613 674 s.
1655 601 1693 663 7
1719 647 1737 677 ,
1794 599 1892 661 ubi
1936 599 2113 660 etiam
2157 597 2492 678 Apologiae
2539 599 2661 660 So-

484 712 666 775 cratis
710 708 903 788 locuS‚
947 726 1119 788 quern
1153 708 1460 770 Herbstius
1494 709 1733 769 nonnisi
1775 725 1882 769 sua
1929 705 2193 769 adhibita
2241 704 2318 767 de
2361 706 2663 787 Protago-

486 837 596 882 rae
638 825 833 881 morte
875 819 1169 880 sententia
1209 815 1456 898 intelligi
1498 833 1681 897 posse
1723 817 2067 891 arbitratur,
2118 816 2327 895 paucis
2368 815 2659 875 tractabi-

481 934 704 990 tur.--
735 927 827 990 De
871 942 1028 988 anno
1070 925 1214 987 403.
1261 931 1478 1004 autem,
1521 942 1639 1006 quo
1683 924 2067 1005 Protagoram
2109 922 2500 984 condemnari
2540 938 2660 1000 po-

477 1036 666 1099 tuisse
728 1042 945 1116 negat,
1002 1050 1180 1096 nemo
1237 1051 1495 1115 unquam
1553 1033 1839 1113 cogitavit
1896 1033 2010 1095 nisi
2053 1031 2403 1093 Herbstius:
2462 1047 2659 1109 neque

479 1162 640 1209 anno
688 1145 830 1208 404.
895 1144 1280 1224 Protagoram
1324 1150 1619 1205 mortuum
1668 1158 1807 1204 esse
1860 1159 2019 1203 nunc
2079 1140 2387 1220 quisquam
2449 1139 2659 1201 credit.

481 1253 675 1317 Clinto
723 1244 1043 1331 enim,'qui
1080 1252 1143 1314 in
1185 1251 1402 1314 tabulis
1445 1241 1586 1312 illud
1629 1256 1953 1331 posuerat,
1992 1250 2054 1311 in
2098 1245 2429 1328 appendice
2472 1263 2662 1309 revo-

480 1363 678 1426 cavit:
740 1369 801 1425 et
841 1361 1281 1437 Stallbaumius‚
1327 1361 1499 1423 cuius
1543 1378 1622 1421 ex
1668 1359 2039 1440 praefatione
2085 1357 2163 1420 ad
2203 1357 2465 1419 Platonis
2508 1356 2662 1417 Pro-

477 1477 752 1553 tagoram
804 1487 939 1549 pag.
993 1469 1093 1530 17.
1160 1468 1473 1530 Herbstius
1536 1468 1691 1529 haec
1750 1466 1923 1528 affert
1979 1465 2204 1528 verba:
2264 1466 2660 1545 „Protagoras

478 1595 671 1642 senex
715 1576 930 1659 grandi
975 1582 1252 1652 aetatate,
1296 1594 1468 1657 quem
1511 1575 1732 1655 olymp.
1773 1553 1880 1638 94.
1928 1591 2087 1636 anno
2134 1574 2325 1654 primo
2368 1580 2659 1634 mortuum

476 1703 619 1749 esse
646 1691 939 1762 constat“‚
986 1683 1170 1745 semel
1195 1685 1525 1766 iterumque
1553 1683 1911 1763 palinodiam
1956 1684 2176 1744 cecinit
2198 1705 2233 1768 :-
2252 1681 2413 1742 velut
2444 1680 2656 1760 dispu-

472 1801 582 1859 tat.
629 1794 708 1857 de
748 1793 1121 1874 Euthydemo
1169 1793 1428 1856 Platonis
1473 1812 1608 1873 pag.
1640 1793 1741 1854 63.
1786 1798 1845 1854 et
1890 1791 1993 1870 64,
2042 1793 2271 1873 proleg.
2306 1790 2381 1852 ad
2412 1781 2656 1852 Theae-'·

468 1907 575 1965 tet.
633 1918 769 1982 pag.
825 1901 921 1976 10,
965 1907 1228 1963 annotat.
1272 1900 1349 1962 ad
1394 1902 1633 1963 Menon.
1676 1918 1811 1981 pag.
1857 1898 1955 1961 91.
2003 1898 2071 1961 E.
2156 1900 2259 1960 Eis
2299 1899 2456 1960 enim
2498 1897 2652 1960 locis

477 2026 641 2073 anno
687 2009 832 2071 410.
879 2007 1220 2072 decessisse
1265 2009 1593 2091 sophistam
1637 2009 1750 2070 sibi
1796 2007 1990 2070 videri
2038 2009 2117 2070 ait
2159 2008 2462 2070 Freretum
2495 2007 2659 2068 Gee..

473 2116 735 2199 liumque
800 2122 1082 2179 auctores
1144 2119 1482 2180 nominans
1571 2116 1847 2179 Ceterum
1905 2117 1958 2178 si
2018 2116 2150 2197 quis
2208 2114 2349 2176 illud
2395 2119 2658 2177 statuere

471 2225 673 2307 vellet,
715 2224 929 2288 Critias
974 2231 1141 2287 certe
1185 2242 1309 2288 non
1356 2226 1659 2287 obstaret:
1720 2242 1857 2286 nam
1905 2223 2207 2287 hominem
2250 2222 2659 2285 sceleratissi-

473 2353 631 2397 mum
678 2350 753 2395 ac
791 2333 1254 2413 perditissimum
1296 2334 1425 2415 quis
1464 2333 1672 2395 credat
1707 2332 1990 2414 religioni
2029 2333 2144 2394 sibi
2190 2331 2452 2408 duxisse,
2492 2332 2662 2392 eius-

479 2441 614 2503 dem
661 2440 914 2521 aliquem
959 2441 1225 2508 criminis
1266 2458 1555 2503 accusare
1603 2441 1761 2521 quod
1803 2442 2015 2520 ipsein
2058 2457 2126 2502 se
2170 2439 2667 2501 admisisset?—

477 2546 714 2612 Deinde
776 2548 852 2610 ab
908 2565 1066 2610 anno
1115 2544 1257 2612 412.
1304 2548 1381 2610 ad
1425 2549 1568 2614 403.
1615 2548 1929 2611 Herbstius
1978 2550 2449 2630 quadringentos
2500 2548 2666 2609 viros

478 2656 735 2721 Athenis
777 2673 915 2717 esse
955 2658 1224 2738 potuisse
1263 2663 1464 2738 negat.
1551 2657 1706 2731 Quid
1764 2659 1817 2719 si
1875 2673 2033 2718 anno
2075 2655 2309 2717 demum
2358 2654 2499 2718 411.
2544 2654 2667 2716 do-

478 2766 763 2828 minatum
807 2770 946 2826 sunt
985 2765 1312 2845 aggressi?
1395 2764 1569 2837 Quod
1616 2763 1853 2845 quando
1917 2764 2135 2825 factum
2197 2765 2277 2826 sit
2321 2762 2664 2826 Dodwellus

480 2876 546 2958 in
587 2872 919 2936 Annalibus
962 2871 1362 2953 Thucydideis
1409 2872 1666 2947 (Dukeri
1709 2872 1849 2934 edit.
1895 2872 2157 2952 Thucyd.
2203 2872 2279 2934 ad
2326 2875 2499 2935 finem
2549 2873 2665 2934 ad-

397 2977 403 2993 “
481 2983 623 3044 ieet.
667 2997 804 3061 pag.
859 2981 1029 3054 117.)
1083 2987 1250 3042 recte
1297 2982 1589 3059 exposuit.
1675 2979 1897 3042 Calliae
1943 2980 2250 3041 archontis
2294 2997 2497 3060 anno,
2562 2980 2664 3060 qui

486 3091 712 3169 primus
764 3083 874 3149 fuit
921 3086 1275 3166 olympiadis
1337 3089 1788 3168 nonagesimae·
1829 3086 2110 3165 alterius,
2174 3092 2470 3165 exeunte,
2532 3089 2664 3148 sive

484 3213 631 3259 vere
664 3196 817 3276 'anni
862 3194 1008 3256 411.
1048 3194 1356 3276 imperium
1406 3211 1612 3258 eorum
1657 3195 1982 3257 institutum
2024 3201 2135 3257 est.
2220 3193 2344 3257 Sed
2388 3212 2460 3256 ea
2507 3195 2568 3257 in
2595 3213 2664 3258 re

483 3304 832 3370 Dodwellus
877 3305 1120 3381 erravit,
1165 3302 1324 3383 quod
1370 3285 1496 3363 una⁹
1534 3320 1666 3364 cum
1709 3301 1894 3364 Callia
1943 3302 2233 3364 archonte
2274 3303 2453 3364 etiam
2500 3304 2664 3383 opti-

485 3420 677 3478 mates
718 3413 851 3475 illos
895 3413 1296 3493 magistratum
1344 3412 1696 3492 deposuisse
1737 3412 1972 3474 statuit:
2020 3430 2192 3489 cum,
2236 3411 2298 3472 id
2340 3410 2500 3492 quod
2547 3411 2662 3473 iam

486 3523 680 3587 Clinto
727 3521 955 3584 monuit
990 3521 1146 3583 Fast.
1189 3520 1339 3583 Hell.
1383 3539 1437 3582 a.
1481 3517 1648 3597 411,
1716 3526 1929 3582 auctor
1970 3521 2218 3581 vitarum
2269 3518 2477 3580 decem
2520 3536 2666 3582 ora-

489 3638 682 3693 torum
737 3648 876 3711 pag.
926 3627 1070 3693 833.
1121 3627 1171 3688 D
1234 3626 1619 3706 Theopompo
1688 3628 1979 3689 archonte
2044 3628 2165 3689 hoc
2232 3627 2454 3690 factum
2520 3646 2660 3690 esse

487 3739 816 3800 memoriae
859 3734 1086 3799 tradat:
1129 3731 1263 3796 'Em'
1299 3733 1682 3811 Θεοπόμπου
1726 3726 2053 3815 ἄρχοντος,
2092 3735 2194 3817 ἐφ’
2229 3725 2309 3794 οὗ
2349 3732 2408 3798 οἱ
2452 3759 2668 3815 τετρα-

489 3842 690 3907 κόσιοι
733 3843 1188 3925 κατελύθησαν.
1274 3840 1689 3922 Theopompus
1738 3842 1959 3905 Calliae
2019 3843 2290 3905 archonti
2353 3848 2664 3908 successit.

490 3951 781 4015 Abierunt
823 3969 971 4033 ergo
1022 3952 1441 4033 quadringenti
1486 3953 1835 4032 magistratu
1890 3951 2240 4034 olympiadis
2301 3953 2543 4017 alterius
2607 3962 2669 4016 et

493 4062 929 4142 nonagesimae
995 4072 1153 4122 anno
1212 4058 1479 4123 secundo
1511 4107 1530 4136 ‚
1592 4066 1905 4139 postquam
1944 4077 2055 4141 per
2103 4068 2392 4142 quattuor·
2435 4080 2673 4124 menses

494 4169 636 4230 anni
691 4174 830 4229 ante
880 4166 1016 4228 Chr.
1064 4184 1123 4228 n.
1164 4166 1308 4228 411.
1356 4159 1614 4248 ¹regnum
1678 4173 2033 4230 tenuerunt:
2106 4170 2264 4232 conf.
2314 4171 2665 4250 Harpocrat.

496 4294 544 4340 S.
591 4294 647 4338 v.
689 4269 1100 4356 τετρακόσιοι·
1191 4270 1269 4336 Οἱ
1308 4271 1696 4358 τετρακόσιοι
1740 4273 1857 4355 πρὸ
1906 4271 2055 4339 ἑπτὰ
2091 4280 2247 4340 ἑτῶν
2288 4277 2671 4356 κατέστησαν

485 4385 610 4449 τῶν
669 4378 999 4467 τριάκοντα
1055 4376 1378 4465 τυράννων
1437 4382 1589 4464 παρ’
1629 4382 1984 4467 Ἀθηναίοις
2010 4432 2027 4461 ,
2095 4383 2312 4460 οἵτινες
2367 4385 2669 4464 τέτταρας
