<?xml version="1.0" encoding="UTF-8"?>
<!DOCTYPE html PUBLIC "-//W3C//DTD XHTML 1.0 Transitional//EN"
    "http://www.w3.org/TR/xhtml1/DTD/xhtml1-transitional.dtd">
<html xmlns="http://www.w3.org/1999/xhtml" xml:lang="en" lang="en">
 <head>
  <title>
</title>
<meta http-equiv="Content-Type" content="text/html;charset=utf-8" />
  <meta name='ocr-system' content='tesseract 3.04.00' />
  <meta name='ocr-capabilities' content='ocr_page ocr_carea ocr_par ocr_line ocrx_word'/>
</head>
<body>
  <div class='ocr_page' id='page_1' title='image "./quaestionesprot00freigoog_0198.png"; bbox 0 0 2975 4959; ppageno 0'>
   <div class='ocr_carea' id='block_1_1' title="bbox 13 2599 24 3595">
    <p class='ocr_par' dir='ltr' id='par_1_1' title="bbox 13 2599 24 3595">
     <span class='ocr_line' id='line_1_1' title="bbox 13 2599 24 3595; baseline 0 0"><span class='ocrx_word' id='word_1_1' title='bbox 13 2599 24 3595; x_wconf 95' lang='lat' dir='ltr'> </span> 
     </span>
    </p>
   </div>
   <div class='ocr_carea' id='block_1_2' title="bbox 1277 256 1813 345">
    <p class='ocr_par' dir='ltr' id='par_1_2' title="bbox 1277 256 1813 345">
     <span class='ocr_line' id='line_1_2' title="bbox 1277 256 1813 345; baseline 0 -2"><span class='ocrx_word' id='word_1_2' title='bbox 1277 256 1813 345; x_wconf 71' lang='lat'>-186-2-</span> 
     </span>
    </p>
   </div>
   <div class='ocr_carea' id='block_1_3' title="bbox 453 441 2638 2056">
    <p class='ocr_par' dir='ltr' id='par_1_3' title="bbox 453 441 2638 1836">
     <span class='ocr_line' id='line_1_3' title="bbox 464 441 2638 544; baseline 0 -21"><span class='ocrx_word' id='word_1_3' title='bbox 464 441 548 523; x_wconf 71' lang='grc' dir='ltr'><strong><em>τε</em></strong></span> <span class='ocrx_word' id='word_1_4' title='bbox 595 464 739 526; x_wconf 82' lang='grc' dir='ltr'><em>καί</em></span> <span class='ocrx_word' id='word_1_5' title='bbox 791 464 1061 544; x_wconf 79' lang='grc' dir='ltr'><strong><em>δίκην,</em></strong></span> <span class='ocrx_word' id='word_1_6' title='bbox 1119 462 1215 525; x_wconf 74' lang='grc' dir='ltr'><strong><em>ἵν’</em></strong></span> <span class='ocrx_word' id='word_1_7' title='bbox 1271 455 1438 526; x_wconf 81' lang='grc' dir='ltr'><strong><em>εἶεν</em></strong></span> <span class='ocrx_word' id='word_1_8' title='bbox 1485 460 1798 525; x_wconf 80' lang='grc' dir='ltr'><strong><em>πόλεων</em></strong></span> <span class='ocrx_word' id='word_1_9' title='bbox 1847 458 2143 539; x_wconf 82' lang='grc' dir='ltr'><strong><em>κόσμοι</em></strong></span> <span class='ocrx_word' id='word_1_10' title='bbox 2188 460 2278 525; x_wconf 75' lang='grc' dir='ltr'><strong><em>’τε</em></strong></span> <span class='ocrx_word' id='word_1_11' title='bbox 2320 461 2455 524; x_wconf 83' lang='grc' dir='ltr'><strong><em>καί</em></strong></span> <span class='ocrx_word' id='word_1_12' title='bbox 2497 462 2638 525; x_wconf 79' lang='grc' dir='ltr'>δε-</span> 
     </span>
     <span class='ocr_line' id='line_1_4' title="bbox 460 568 2636 655; baseline 0 -23"><span class='ocrx_word' id='word_1_13' title='bbox 460 571 663 648; x_wconf 73' lang='grc' dir='ltr'><strong><em>σμοὶ</em></strong></span> <span class='ocrx_word' id='word_1_14' title='bbox 705 572 1002 654; x_wconf 78' lang='grc' dir='ltr'><strong><em>φιλίας</em></strong></span> <span class='ocrx_word' id='word_1_15' title='bbox 1046 574 1522 652; x_wconf 78' lang='grc' dir='ltr'><strong><em>συναγωγοί.</em></strong></span> <span class='ocrx_word' id='word_1_16' title='bbox 1606 571 1877 655; x_wconf 77' lang='grc' dir='ltr'><strong><em>ἐρωτᾷ</em></strong></span> <span class='ocrx_word' id='word_1_17' title='bbox 1934 568 2090 631; x_wconf 54' lang='grc' dir='ltr'><strong><em>οὖν.</em></strong></span> <span class='ocrx_word' id='word_1_18' title='bbox 2133 569 2417 652; x_wconf 73' lang='grc' dir='ltr'><strong><em>Ἑρμῆς</em></strong></span> <span class='ocrx_word' id='word_1_19' title='bbox 2455 573 2636 649; x_wconf 84' lang='grc' dir='ltr'>Διά,</span> 
     </span>
     <span class='ocr_line' id='line_1_5' title="bbox 464 669 2636 760; baseline 0.001 -22"><span class='ocrx_word' id='word_1_20' title='bbox 464 679 648 740; x_wconf 79' lang='grc' dir='ltr'><strong><em>τίνα</em></strong></span> <span class='ocrx_word' id='word_1_21' title='bbox 695 669 852 741; x_wconf 73' lang='grc' dir='ltr'>οὖν</span> <span class='ocrx_word' id='word_1_22' title='bbox 891 676 1218 760; x_wconf 78' lang='grc' dir='ltr'><strong><em>τρόπον</em></strong></span> <span class='ocrx_word' id='word_1_23' title='bbox 1256 677 1436 759; x_wconf 81' lang='grc' dir='ltr'><strong><em>δοιή</em></strong></span> <span class='ocrx_word' id='word_1_24' title='bbox 1480 678 1714 760; x_wconf 81' lang='grc' dir='ltr'><strong><em>δίκην</em></strong></span> <span class='ocrx_word' id='word_1_25' title='bbox 1744 676 2114 742; x_wconf 60' lang='lat' dir='ltr'>naiaco&amp;</span> <span class='ocrx_word' id='word_1_26' title='bbox 2154 676 2636 758; x_wconf 78' lang='grc' dir='ltr'><strong><em>ἀνθρώποις.</em></strong></span> 
     </span>
     <span class='ocr_line' id='line_1_6' title="bbox 460 778 2636 867; baseline 0 -19"><span class='ocrx_word' id='word_1_27' title='bbox 460 780 842 867; x_wconf 79' lang='grc' dir='ltr'><strong><em>Πότερον</em></strong></span> <span class='ocrx_word' id='word_1_28' title='bbox 914 782 1016 857; x_wconf 73' lang='grc' dir='ltr'>ὥς</span> <span class='ocrx_word' id='word_1_29' title='bbox 1082 780 1174 848; x_wconf 76' lang='grc' dir='ltr'>αἱ</span> <span class='ocrx_word' id='word_1_30' title='bbox 1242 784 1531 864; x_wconf 80' lang='grc' dir='ltr'><strong><em>τέχναι</em></strong></span> <span class='ocrx_word' id='word_1_31' title='bbox 1604 788 2145 866; x_wconf 76' lang='grc' dir='ltr'><strong><em>νενέμηνται,</em></strong></span> <span class='ocrx_word' id='word_1_32' title='bbox 2216 778 2428 847; x_wconf 72' lang='grc' dir='ltr'><strong><em>οὕτω</em></strong></span> <span class='ocrx_word' id='word_1_33' title='bbox 2496 787 2636 849; x_wconf 77' lang='grc' dir='ltr'><strong><em>καί</em></strong></span> 
     </span>
     <span class='ocr_line' id='line_1_7' title="bbox 458 881 2633 981; baseline 0.001 -30"><span class='ocrx_word' id='word_1_34' title='bbox 458 889 1082 971; x_wconf 75' lang='grc' dir='ltr'><strong><em>ταύταςνείμως</em></strong></span> <span class='ocrx_word' id='word_1_35' title='bbox 1127 894 1615 981; x_wconf 77' lang='grc' dir='ltr'><strong><em>νενέμηνται</em></strong></span> <span class='ocrx_word' id='word_1_36' title='bbox 1657 893 1748 954; x_wconf 81' lang='grc' dir='ltr'>δὲ</span> <span class='ocrx_word' id='word_1_37' title='bbox 1792 881 1976 954; x_wconf 68' lang='grc' dir='ltr'><strong><em>οἶδε·</em></strong></span> <span class='ocrx_word' id='word_1_38' title='bbox 2067 884 2194 966; x_wconf 82' lang='grc' dir='ltr'><strong><em>εἷς</em></strong></span> <span class='ocrx_word' id='word_1_39' title='bbox 2234 887 2446 971; x_wconf 82' lang='grc' dir='ltr'><strong><em>ἔχων</em></strong></span> <span class='ocrx_word' id='word_1_40' title='bbox 2488 892 2633 974; x_wconf 71' lang='grc' dir='ltr'><strong><em>ἰρι-</em></strong></span> 
     </span>
     <span class='ocr_line' id='line_1_8' title="bbox 461 992 2631 1083; baseline 0 -22"><span class='ocrx_word' id='word_1_41' title='bbox 461 998 752 1082; x_wconf 78' lang='grc' dir='ltr'><strong><em>τρικὴν</em></strong></span> <span class='ocrx_word' id='word_1_42' title='bbox 786 1006 1116 1075; x_wconf 79' lang='grc' dir='ltr'><strong><em>πολλοῖς</em></strong></span> <span class='ocrx_word' id='word_1_43' title='bbox 1156 997 1428 1076; x_wconf 85' lang='grc' dir='ltr'><strong><em>ἱκανὸς</em></strong></span> <span class='ocrx_word' id='word_1_44' title='bbox 1472 1001 1900 1083; x_wconf 78' lang='grc' dir='ltr'><strong><em>ἰδιώταις,</em></strong></span> <span class='ocrx_word' id='word_1_45' title='bbox 1942 998 2075 1063; x_wconf 81' lang='grc' dir='ltr'><strong><em>καί</em></strong></span> <span class='ocrx_word' id='word_1_46' title='bbox 2114 997 2181 1063; x_wconf 77' lang='grc' dir='ltr'><strong><em>οἱ</em></strong></span> <span class='ocrx_word' id='word_1_47' title='bbox 2227 992 2465 1062; x_wconf 80' lang='grc' dir='ltr'><strong><em>ἄλλοι</em></strong></span> <span class='ocrx_word' id='word_1_48' title='bbox 2508 1001 2631 1082; x_wconf 77' lang='grc' dir='ltr'>δη-</span> 
     </span>
     <span class='ocr_line' id='line_1_9' title="bbox 459 1101 2633 1190; baseline -0.001 -17"><span class='ocrx_word' id='word_1_49' title='bbox 459 1105 870 1189; x_wconf 71' lang='grc' dir='ltr'><strong><em>μιουργοί.</em></strong></span> <span class='ocrx_word' id='word_1_50' title='bbox 949 1109 1088 1171; x_wconf 80' lang='grc' dir='ltr'><em>καί</em></span> <span class='ocrx_word' id='word_1_51' title='bbox 1156 1105 1561 1190; x_wconf 56' lang='lat' dir='ltr'>clamator&gt;</span> <span class='ocrx_word' id='word_1_52' title='bbox 1632 1108 1774 1172; x_wconf 76' lang='grc' dir='ltr'>καὶ</span> <span class='ocrx_word' id='word_1_53' title='bbox 1838 1109 2048 1174; x_wconf 74' lang='grc' dir='ltr'>αἰδῶ</span> <span class='ocrx_word' id='word_1_54' title='bbox 2116 1101 2318 1170; x_wconf 74' lang='grc' dir='ltr'><strong><em>οὕτω</em></strong></span> <span class='ocrx_word' id='word_1_55' title='bbox 2369 1107 2483 1169; x_wconf 77' lang='grc' dir='ltr'><em>θῶ</em></span> <span class='ocrx_word' id='word_1_56' title='bbox 2546 1109 2633 1171; x_wconf 78' lang='grc' dir='ltr'><strong><em>ἐν</em></strong></span> 
     </span>
     <span class='ocr_line' id='line_1_10' title="bbox 458 1208 2629 1300; baseline -0 -22"><span class='ocrx_word' id='word_1_57' title='bbox 458 1222 635 1289; x_wconf 84' lang='grc' dir='ltr'><strong><em>τοῖς</em></strong></span> <span class='ocrx_word' id='word_1_58' title='bbox 682 1217 1201 1298; x_wconf 70' lang='grc' dir='ltr'><strong><em>ἀνθρώποις,</em></strong></span> <span class='ocrx_word' id='word_1_59' title='bbox 1251 1208 1468 1300; x_wconf 76' lang='grc' dir='ltr'>ἢὲπί</span> <span class='ocrx_word' id='word_1_60' title='bbox 1504 1213 1811 1290; x_wconf 76' lang='grc' dir='ltr'><strong><em>πάντας</em></strong></span> <span class='ocrx_word' id='word_1_61' title='bbox 1853 1217 2179 1295; x_wconf 67' lang='grc' dir='ltr'><strong><em>νείμως</em></strong></span> <span class='ocrx_word' id='word_1_62' title='bbox 2235 1212 2409 1281; x_wconf 78' lang='grc' dir='ltr'>Ἐπὶ</span> <span class='ocrx_word' id='word_1_63' title='bbox 2449 1210 2629 1278; x_wconf 79' lang='grc' dir='ltr'><strong><em>πάν-</em></strong></span> 
     </span>
     <span class='ocr_line' id='line_1_11' title="bbox 457 1316 2633 1407; baseline 0.001 -22"><span class='ocrx_word' id='word_1_64' title='bbox 457 1346 635 1407; x_wconf 87' lang='grc' dir='ltr'><strong><em>τας,</em></strong></span> <span class='ocrx_word' id='word_1_65' title='bbox 698 1320 857 1407; x_wconf 77' lang='grc' dir='ltr'>ἔφη</span> <span class='ocrx_word' id='word_1_66' title='bbox 921 1320 1238 1405; x_wconf 76' lang='grc' dir='ltr'><strong><em>ὄΖεός,</em></strong></span> <span class='ocrx_word' id='word_1_67' title='bbox 1304 1325 1440 1388; x_wconf 76' lang='grc' dir='ltr'>καὶ</span> <span class='ocrx_word' id='word_1_68' title='bbox 1495 1322 1793 1399; x_wconf 76' lang='grc' dir='ltr'><strong><em>πάντες</em></strong></span> <span class='ocrx_word' id='word_1_69' title='bbox 1859 1316 2425 1405; x_wconf 79' lang='grc' dir='ltr'><strong><em>μετεχόντων·</em></strong></span> <span class='ocrx_word' id='word_1_70' title='bbox 2524 1321 2633 1387; x_wconf 83' lang='grc' dir='ltr'><strong><em>ου’</em></strong></span> 
     </span>
     <span class='ocr_line' id='line_1_12' title="bbox 453 1423 2629 1515; baseline -0.001 -21"><span class='ocrx_word' id='word_1_71' title='bbox 453 1430 615 1514; x_wconf 77' lang='grc' dir='ltr'>γὰρ</span> <span class='ocrx_word' id='word_1_72' title='bbox 659 1423 748 1495; x_wconf 67' lang='grc' dir='ltr'><strong><em>ὃν</em></strong></span> <span class='ocrx_word' id='word_1_73' title='bbox 785 1432 1165 1513; x_wconf 72' lang='grc' dir='ltr'><strong><em>γένοιντο</em></strong></span> <span class='ocrx_word' id='word_1_74' title='bbox 1209 1427 1560 1513; x_wconf 83' lang='grc' dir='ltr'><strong><em>πόλεις,</em></strong></span> <span class='ocrx_word' id='word_1_75' title='bbox 1619 1433 1697 1497; x_wconf 84' lang='grc' dir='ltr'>εἶ</span> <span class='ocrx_word' id='word_1_76' title='bbox 1732 1430 2000 1515; x_wconf 72' lang='grc' dir='ltr'><strong><em>ὀλίγοι</em></strong></span> <span class='ocrx_word' id='word_1_77' title='bbox 2044 1432 2312 1495; x_wconf 72' lang='grc' dir='ltr'><strong><em>αὖτῶν</em></strong></span> <span class='ocrx_word' id='word_1_78' title='bbox 2360 1432 2629 1512; x_wconf 84' lang='grc' dir='ltr'><strong><em>μετέ-</em></strong></span> 
     </span>
     <span class='ocr_line' id='line_1_13' title="bbox 454 1533 2628 1623; baseline 0.001 -23"><span class='ocrx_word' id='word_1_79' title='bbox 454 1561 711 1622; x_wconf 81' lang='grc' dir='ltr'><strong><em>χοιεν</em></strong></span> <span class='ocrx_word' id='word_1_80' title='bbox 754 1533 1014 1623; x_wconf 69' lang='grc' dir='ltr'><strong><em>ὥσπερ</em></strong></span> <span class='ocrx_word' id='word_1_81' title='bbox 1066 1533 1335 1604; x_wconf 70' lang='grc' dir='ltr'><strong><em>ἄλλων</em></strong></span> <span class='ocrx_word' id='word_1_82' title='bbox 1374 1547 1713 1621; x_wconf 71' lang='grc' dir='ltr'><strong><em>τεχνῶν.</em></strong></span> <span class='ocrx_word' id='word_1_83' title='bbox 1799 1539 1942 1604; x_wconf 80' lang='grc' dir='ltr'><strong><em>καί</em></strong></span> <span class='ocrx_word' id='word_1_84' title='bbox 2004 1539 2284 1619; x_wconf 84' lang='grc' dir='ltr'><strong><em>νόμον</em></strong></span> <span class='ocrx_word' id='word_1_85' title='bbox 2340 1563 2425 1621; x_wconf 80' lang='grc' dir='ltr'>γε</span> <span class='ocrx_word' id='word_1_86' title='bbox 2486 1541 2628 1615; x_wconf 76' lang='grc' dir='ltr'>θὲς</span> 
     </span>
     <span class='ocr_line' id='line_1_14' title="bbox 456 1644 2631 1732; baseline -0 -21"><span class='ocrx_word' id='word_1_87' title='bbox 456 1652 646 1729; x_wconf 70' lang='grc' dir='ltr'><strong><em>παρ’</em></strong></span> <span class='ocrx_word' id='word_1_88' title='bbox 687 1648 906 1727; x_wconf 82' lang='grc' dir='ltr'>ε’μοῦ</span> <span class='ocrx_word' id='word_1_89' title='bbox 957 1644 1086 1711; x_wconf 85' lang='grc' dir='ltr'>τὸν</span> <span class='ocrx_word' id='word_1_90' title='bbox 1142 1644 1242 1732; x_wconf 78' lang='grc' dir='ltr'>μὴ</span> <span class='ocrx_word' id='word_1_91' title='bbox 1289 1646 1767 1729; x_wconf 74' lang='grc' dir='ltr'><strong><em>δυνάμενον</em></strong></span> <span class='ocrx_word' id='word_1_92' title='bbox 1819 1647 2130 1723; x_wconf 73' lang='grc' dir='ltr'><strong><em>αἰδοῦς</em></strong></span> <span class='ocrx_word' id='word_1_93' title='bbox 2194 1650 2349 1712; x_wconf 77' lang='grc' dir='ltr'><em>καί</em></span> <span class='ocrx_word' id='word_1_94' title='bbox 2399 1645 2631 1732; x_wconf 70' lang='grc' dir='ltr'><strong><em>δι’κης</em></strong></span> 
     </span>
     <span class='ocr_line' id='line_1_15' title="bbox 455 1754 2064 1836; baseline 0.001 -18"><span class='ocrx_word' id='word_1_95' title='bbox 455 1759 840 1836; x_wconf 75' lang='grc' dir='ltr'><strong><em>μετέχειν</em></strong></span> <span class='ocrx_word' id='word_1_96' title='bbox 881 1758 1245 1820; x_wconf 81' lang='grc' dir='ltr'><strong><em>κτείνειν</em></strong></span> <span class='ocrx_word' id='word_1_97' title='bbox 1290 1754 1389 1832; x_wconf 74' lang='grc' dir='ltr'>ὥς</span> <span class='ocrx_word' id='word_1_98' title='bbox 1431 1755 1682 1821; x_wconf 84' lang='grc' dir='ltr'><strong><em>νόσον</em></strong></span> <span class='ocrx_word' id='word_1_99' title='bbox 1725 1757 2064 1832; x_wconf 82' lang='grc' dir='ltr'><strong><em>πόλεως.</em></strong></span> 
     </span>
    </p>

    <p class='ocr_par' dir='ltr' id='par_1_4' title="bbox 455 1863 2628 2056">
     <span class='ocr_line' id='line_1_16' title="bbox 620 1863 2628 1948; baseline 0.001 -22"><span class='ocrx_word' id='word_1_100' title='bbox 620 1863 714 1926; x_wconf 86' lang='lat' dir='ltr'>Ex</span> <span class='ocrx_word' id='word_1_101' title='bbox 756 1865 998 1927; x_wconf 88' lang='lat' dir='ltr'>Platone</span> <span class='ocrx_word' id='word_1_102' title='bbox 1054 1872 1371 1947; x_wconf 86' lang='lat' dir='ltr'>excerptus</span> <span class='ocrx_word' id='word_1_103' title='bbox 1428 1867 1531 1928; x_wconf 88' lang='lat' dir='ltr'>hic</span> <span class='ocrx_word' id='word_1_104' title='bbox 1574 1866 1809 1946; x_wconf 80' lang='lat' dir='ltr'>mytbus</span> <span class='ocrx_word' id='word_1_105' title='bbox 1867 1869 2161 1948; x_wconf 91' lang='lat' dir='ltr'>reperitur</span> <span class='ocrx_word' id='word_1_106' title='bbox 2199 1868 2419 1930; x_wconf 83' lang='lat' dir='ltr'>Himer.</span> <span class='ocrx_word' id='word_1_107' title='bbox 2462 1866 2628 1929; x_wconf 86' lang='lat' dir='ltr'>Orat.</span> 
     </span>
     <span class='ocr_line' id='line_1_17' title="bbox 455 1971 2622 2056; baseline 0.001 -22"><span class='ocrx_word' id='word_1_108' title='bbox 455 1971 612 2036; x_wconf 89' lang='lat' dir='ltr'>XXI.</span> <span class='ocrx_word' id='word_1_109' title='bbox 654 1980 715 2049; x_wconf 73' lang='lat' dir='ltr'>s.</span> <span class='ocrx_word' id='word_1_110' title='bbox 744 1974 837 2037; x_wconf 88' lang='lat'>10.</span> <span class='ocrx_word' id='word_1_111' title='bbox 884 1981 1062 2055; x_wconf 89' lang='lat' dir='ltr'>atque</span> <span class='ocrx_word' id='word_1_112' title='bbox 1103 1975 1297 2037; x_wconf 87' lang='lat' dir='ltr'>valde.</span> <span class='ocrx_word' id='word_1_113' title='bbox 1321 1976 1662 2039; x_wconf 90' lang='lat' dir='ltr'>immutatus</span> <span class='ocrx_word' id='word_1_114' title='bbox 1682 1975 1961 2038; x_wconf 88' lang='lat' dir='ltr'>Themist.</span> <span class='ocrx_word' id='word_1_115' title='bbox 2008 1975 2173 2039; x_wconf 82' lang='lat' dir='ltr'><strong>Orat.</strong></span> <span class='ocrx_word' id='word_1_116' title='bbox 2218 1975 2452 2038; x_wconf 89' lang='lat' dir='ltr'>XXVIl.</span> <span class='ocrx_word' id='word_1_117' title='bbox 2482 1993 2622 2056; x_wconf 88' lang='lat' dir='ltr'>pag.</span> 
     </span>
    </p>
   </div>
   <div class='ocr_carea' id='block_1_4' title="bbox 431 2079 2626 2164">
    <p class='ocr_par' dir='ltr' id='par_1_5' title="bbox 431 2079 2626 2164">
     <span class='ocr_line' id='line_1_18' title="bbox 431 2079 2626 2164; baseline 0.001 -23"><span class='ocrx_word' id='word_1_118' title='bbox 431 2079 601 2143; x_wconf 64' lang='lat'>338.</span> <span class='ocrx_word' id='word_1_119' title='bbox 648 2089 818 2163; x_wconf 88' lang='lat' dir='ltr'>(pag.</span> <span class='ocrx_word' id='word_1_120' title='bbox 861 2083 1006 2145; x_wconf 81' lang='lat'>407.</span> <span class='ocrx_word' id='word_1_121' title='bbox 1046 2082 1295 2160; x_wconf 87' lang='lat' dir='ltr'>Dind.):</span> <span class='ocrx_word' id='word_1_122' title='bbox 1335 2083 1629 2145; x_wconf 88' lang='lat' dir='ltr'>indicatur</span> <span class='ocrx_word' id='word_1_123' title='bbox 1669 2085 1846 2145; x_wconf 91' lang='lat' dir='ltr'>etiam</span> <span class='ocrx_word' id='word_1_124' title='bbox 1889 2082 2094 2145; x_wconf 89' lang='lat' dir='ltr'>Iulian.</span> <span class='ocrx_word' id='word_1_125' title='bbox 2144 2082 2306 2146; x_wconf 91' lang='lat' dir='ltr'>Orat.</span> <span class='ocrx_word' id='word_1_126' title='bbox 2352 2083 2447 2145; x_wconf 91' lang='lat' dir='ltr'>Vl.</span> <span class='ocrx_word' id='word_1_127' title='bbox 2489 2101 2626 2164; x_wconf 90' lang='lat' dir='ltr'>pag.</span> 
     </span>
    </p>
   </div>
   <div class='ocr_carea' id='block_1_5' title="bbox 457 2187 2629 2705">
    <p class='ocr_par' dir='ltr' id='par_1_6' title="bbox 457 2187 2629 2705">
     <span class='ocr_line' id='line_1_19' title="bbox 461 2187 2627 2272; baseline 0.001 -23"><span class='ocrx_word' id='word_1_128' title='bbox 461 2187 603 2250; x_wconf 81' lang='grc'><strong><em>194.</em></strong></span> <span class='ocrx_word' id='word_1_129' title='bbox 691 2189 1128 2251; x_wconf 77' lang='lat' dir='ltr'>Ceteri‘autem</span> <span class='ocrx_word' id='word_1_130' title='bbox 1172 2189 1292 2252; x_wconf 93' lang='lat' dir='ltr'>loci</span> <span class='ocrx_word' id='word_1_131' title='bbox 1344 2192 1418 2250; x_wconf 90' lang='lat' dir='ltr'>ab</span> <span class='ocrx_word' id='word_1_132' title='bbox 1461 2190 1741 2253; x_wconf 87' lang='lat' dir='ltr'>Herbstio</span> <span class='ocrx_word' id='word_1_133' title='bbox 1783 2208 1920 2272; x_wconf 88' lang='lat' dir='ltr'>pag.</span> <span class='ocrx_word' id='word_1_134' title='bbox 1966 2190 2104 2254; x_wconf 80' lang='lat'>149.</span> <span class='ocrx_word' id='word_1_135' title='bbox 2146 2208 2183 2253; x_wconf 91' lang='lat' dir='ltr'>e</span> <span class='ocrx_word' id='word_1_136' title='bbox 2228 2190 2627 2253; x_wconf 88' lang='lat' dir='ltr'>Wernsdorlii</span> 
     </span>
     <span class='ocr_line' id='line_1_20' title="bbox 460 2296 2629 2380; baseline 0.001 -22"><span class='ocrx_word' id='word_1_137' title='bbox 460 2296 538 2359; x_wconf 90' lang='lat' dir='ltr'>ad</span> <span class='ocrx_word' id='word_1_138' title='bbox 583 2296 905 2359; x_wconf 81' lang='lat' dir='ltr'>Himerium</span> <span class='ocrx_word' id='word_1_139' title='bbox 963 2300 1354 2359; x_wconf 81' lang='lat' dir='ltr'>annotatione</span> <span class='ocrx_word' id='word_1_140' title='bbox 1414 2298 1651 2378; x_wconf 89' lang='lat' dir='ltr'>repetiti</span> <span class='ocrx_word' id='word_1_141' title='bbox 1709 2298 1784 2360; x_wconf 89' lang='lat' dir='ltr'>ad</span> <span class='ocrx_word' id='word_1_142' title='bbox 1840 2298 2228 2380; x_wconf 73' lang='lat' dir='ltr'>Protagoram</span> <span class='ocrx_word' id='word_1_143' title='bbox 2277 2297 2421 2361; x_wconf 84' lang='lat' dir='ltr'>nibil</span> <span class='ocrx_word' id='word_1_144' title='bbox 2455 2316 2629 2380; x_wconf 25' lang='lat' dir='ltr'>*per-</span> 
     </span>
     <span class='ocr_line' id='line_1_21' title="bbox 458 2404 2626 2487; baseline 0 -19"><span class='ocrx_word' id='word_1_145' title='bbox 458 2405 666 2468; x_wconf 86' lang='lat' dir='ltr'>tiuent.</span> <span class='ocrx_word' id='word_1_146' title='bbox 749 2404 1026 2468; x_wconf 83' lang='lat' dir='ltr'>Attamen</span> <span class='ocrx_word' id='word_1_147' title='bbox 1071 2405 1394 2486; x_wconf 80' lang='lat' dir='ltr'>KayseruS‚</span> <span class='ocrx_word' id='word_1_148' title='bbox 1438 2407 1539 2487; x_wconf 84' lang='lat' dir='ltr'>qui</span> <span class='ocrx_word' id='word_1_149' title='bbox 1582 2407 1642 2468; x_wconf 90' lang='lat' dir='ltr'>in</span> <span class='ocrx_word' id='word_1_150' title='bbox 1688 2406 2022 2480; x_wconf 70' lang='lat' dir='ltr'>Philostrati</span> <span class='ocrx_word' id='word_1_151' title='bbox 2064 2409 2315 2469; x_wconf 88' lang='lat' dir='ltr'>vitarum</span> <span class='ocrx_word' id='word_1_152' title='bbox 2360 2406 2626 2469; x_wconf 81' lang='lat' dir='ltr'>editione</span> 
     </span>
     <span class='ocr_line' id='line_1_22' title="bbox 457 2513 2625 2597; baseline 0 -22"><span class='ocrx_word' id='word_1_153' title='bbox 457 2513 744 2575; x_wconf 90' lang='lat' dir='ltr'>nonnulla</span> <span class='ocrx_word' id='word_1_154' title='bbox 787 2514 863 2575; x_wconf 91' lang='lat' dir='ltr'>de</span> <span class='ocrx_word' id='word_1_155' title='bbox 907 2513 1233 2595; x_wconf 87' lang='lat' dir='ltr'>Protagora</span> <span class='ocrx_word' id='word_1_156' title='bbox 1278 2515 1587 2577; x_wconf 89' lang='lat' dir='ltr'>disserens</span> <span class='ocrx_word' id='word_1_157' title='bbox 1631 2533 1708 2576; x_wconf 86' lang='lat' dir='ltr'>ex</span> <span class='ocrx_word' id='word_1_158' title='bbox 1749 2517 2025 2578; x_wconf 86' lang='lat' dir='ltr'>Herbstio</span> <span class='ocrx_word' id='word_1_159' title='bbox 2070 2516 2411 2597; x_wconf 90' lang='lat' dir='ltr'>plerumque</span> <span class='ocrx_word' id='word_1_160' title='bbox 2449 2517 2625 2595; x_wconf 89' lang='lat' dir='ltr'>sapit,</span> 
     </span>
     <span class='ocr_line' id='line_1_23' title="bbox 459 2622 2625 2705; baseline 0.001 -21"><span class='ocrx_word' id='word_1_161' title='bbox 459 2639 669 2684; x_wconf 89' lang='lat' dir='ltr'>omnes</span> <span class='ocrx_word' id='word_1_162' title='bbox 712 2622 845 2684; x_wconf 90' lang='lat' dir='ltr'>illos</span> <span class='ocrx_word' id='word_1_163' title='bbox 885 2637 1022 2704; x_wconf 87' lang='lat' dir='ltr'>pag.</span> <span class='ocrx_word' id='word_1_164' title='bbox 1047 2624 1184 2686; x_wconf 74' lang='lat'>202.</span> <span class='ocrx_word' id='word_1_165' title='bbox 1231 2629 1392 2685; x_wconf 88' lang='lat' dir='ltr'>tanta</span> <span class='ocrx_word' id='word_1_166' title='bbox 1417 2642 1550 2685; x_wconf 92' lang='lat' dir='ltr'>cum</span> <span class='ocrx_word' id='word_1_167' title='bbox 1580 2624 1809 2686; x_wconf 90' lang='lat' dir='ltr'>incuria</span> <span class='ocrx_word' id='word_1_168' title='bbox 1840 2624 2174 2705; x_wconf 88' lang='lat' dir='ltr'>descripsit,</span> <span class='ocrx_word' id='word_1_169' title='bbox 2217 2630 2281 2687; x_wconf 87' lang='lat' dir='ltr'>ut</span> <span class='ocrx_word' id='word_1_170' title='bbox 2302 2641 2493 2705; x_wconf 88' lang='lat' dir='ltr'>neque</span> <span class='ocrx_word' id='word_1_171' title='bbox 2513 2641 2625 2687; x_wconf 88' lang='lat' dir='ltr'>eos</span> 
     </span>
    </p>
   </div>
   <div class='ocr_carea' id='block_1_6' title="bbox 360 2730 2626 2812">
    <p class='ocr_par' dir='ltr' id='par_1_7' title="bbox 360 2730 2626 2812">
     <span class='ocr_line' id='line_1_24' title="bbox 360 2730 2626 2812; baseline 0 -20"><span class='ocrx_word' id='word_1_172' title='bbox 360 2766 365 2771; x_wconf 90' lang='lat'><em>-</em></span> <span class='ocrx_word' id='word_1_173' title='bbox 455 2731 992 2812; x_wconf 85' lang='lat' dir='ltr'>praetermitteret,</span> <span class='ocrx_word' id='word_1_174' title='bbox 1043 2731 1141 2811; x_wconf 91' lang='lat' dir='ltr'>qui</span> <span class='ocrx_word' id='word_1_175' title='bbox 1183 2731 1258 2792; x_wconf 87' lang='lat' dir='ltr'>ab</span> <span class='ocrx_word' id='word_1_176' title='bbox 1303 2730 1420 2792; x_wconf 87' lang='lat' dir='ltr'>hac</span> <span class='ocrx_word' id='word_1_177' title='bbox 1461 2750 1530 2792; x_wconf 92' lang='lat' dir='ltr'>re</span> <span class='ocrx_word' id='word_1_178' title='bbox 1572 2731 1752 2794; x_wconf 88' lang='lat' dir='ltr'>alieni</span> <span class='ocrx_word' id='word_1_179' title='bbox 1796 2738 1961 2809; x_wconf 87' lang='lat' dir='ltr'>sunt,</span> <span class='ocrx_word' id='word_1_180' title='bbox 2020 2749 2215 2812; x_wconf 91' lang='lat' dir='ltr'>neque</span> <span class='ocrx_word' id='word_1_181' title='bbox 2256 2731 2626 2808; x_wconf 82' lang='lat' dir='ltr'>emendaret,</span> 
     </span>
    </p>
   </div>
   <div class='ocr_carea' id='block_1_7' title="bbox 454 2839 2630 3679">
    <p class='ocr_par' dir='ltr' id='par_1_8' title="bbox 454 2839 2630 3679">
     <span class='ocr_line' id='line_1_25' title="bbox 457 2839 2629 2922; baseline -0 -20"><span class='ocrx_word' id='word_1_182' title='bbox 457 2858 613 2922; x_wconf 89' lang='lat' dir='ltr'>quae</span> <span class='ocrx_word' id='word_1_183' title='bbox 656 2839 823 2905; x_wconf 80' lang='lat' dir='ltr'>salsis</span> <span class='ocrx_word' id='word_1_184' title='bbox 866 2840 964 2902; x_wconf 91' lang='lat' dir='ltr'>ille</span> <span class='ocrx_word' id='word_1_185' title='bbox 1010 2841 1140 2902; x_wconf 90' lang='lat' dir='ltr'>sive</span> <span class='ocrx_word' id='word_1_186' title='bbox 1181 2841 1444 2907; x_wconf 87' lang='lat' dir='ltr'>numeris</span> <span class='ocrx_word' id='word_1_187' title='bbox 1484 2842 1615 2902; x_wconf 91' lang='lat' dir='ltr'>sive</span> <span class='ocrx_word' id='word_1_188' title='bbox 1660 2841 1877 2902; x_wconf 87' lang='lat' dir='ltr'>verbis·</span> <span class='ocrx_word' id='word_1_189' title='bbox 1908 2842 2219 2905; x_wconf 85' lang='lat' dir='ltr'>citaverat.</span> <span class='ocrx_word' id='word_1_190' title='bbox 2284 2841 2370 2903; x_wconf 87' lang='lat' dir='ltr'>Ita</span> <span class='ocrx_word' id='word_1_191' title='bbox 2411 2859 2490 2902; x_wconf 87' lang='lat' dir='ltr'>ex</span> <span class='ocrx_word' id='word_1_192' title='bbox 2524 2840 2629 2902; x_wconf 91' lang='lat' dir='ltr'>lu-</span> 
     </span>
     <span class='ocr_line' id='line_1_26' title="bbox 454 2948 2624 3031; baseline 0 -19"><span class='ocrx_word' id='word_1_193' title='bbox 454 2949 617 3012; x_wconf 90' lang='lat' dir='ltr'>liano</span> <span class='ocrx_word' id='word_1_194' title='bbox 658 2965 768 3029; x_wconf 87' lang='lat' dir='ltr'>pro</span> <span class='ocrx_word' id='word_1_195' title='bbox 811 2966 948 3029; x_wconf 86' lang='lat' dir='ltr'>pag.</span> <span class='ocrx_word' id='word_1_196' title='bbox 995 2948 1132 3011; x_wconf 80' lang='grc'><strong><em>194.</em></strong></span> <span class='ocrx_word' id='word_1_197' title='bbox 1174 2949 1499 3012; x_wconf 89' lang='lat' dir='ltr'>secundum</span> <span class='ocrx_word' id='word_1_198' title='bbox 1543 2949 1879 3011; x_wconf 86' lang='lat' dir='ltr'>Herbstium</span> <span class='ocrx_word' id='word_1_199' title='bbox 1923 2949 2224 3031; x_wconf 81' lang='lat' dir='ltr'>Kayserus</span> <span class='ocrx_word' id='word_1_200' title='bbox 2274 2948 2447 3012; x_wconf 85' lang='lat' dir='ltr'>affert</span> <span class='ocrx_word' id='word_1_201' title='bbox 2485 2967 2624 3031; x_wconf 87' lang='lat' dir='ltr'>pag.</span> 
     </span>
     <span class='ocr_line' id='line_1_27' title="bbox 461 3054 2625 3139; baseline 0.001 -20"><span class='ocrx_word' id='word_1_202' title='bbox 461 3056 598 3119; x_wconf 87' lang='lat'>195.</span> <span class='ocrx_word' id='word_1_203' title='bbox 640 3061 818 3136; x_wconf 88' lang='lat' dir='ltr'>atque</span> <span class='ocrx_word' id='word_1_204' title='bbox 863 3055 1086 3135; x_wconf 80' lang='lat' dir='ltr'>„Etym.</span> <span class='ocrx_word' id='word_1_205' title='bbox 1129 3056 1209 3118; x_wconf 87' lang='lat' dir='ltr'>M.</span> <span class='ocrx_word' id='word_1_206' title='bbox 1255 3075 1305 3119; x_wconf 88' lang='lat' dir='ltr'>s.</span> <span class='ocrx_word' id='word_1_207' title='bbox 1354 3076 1409 3117; x_wconf 92' lang='lat' dir='ltr'>v.</span> <span class='ocrx_word' id='word_1_208' title='bbox 1459 3054 1770 3136; x_wconf 58' lang='lat' dir='ltr'>munst,</span> <span class='ocrx_word' id='word_1_209' title='bbox 1815 3057 1973 3138; x_wconf 90' lang='lat' dir='ltr'>quod</span> <span class='ocrx_word' id='word_1_210' title='bbox 2018 3058 2278 3120; x_wconf 87' lang='lat' dir='ltr'>Herbstii</span> <span class='ocrx_word' id='word_1_211' title='bbox 2321 3056 2625 3139; x_wconf 83' lang='lat' dir='ltr'>typotheta</span> 
     </span>
     <span class='ocr_line' id='line_1_28' title="bbox 456 3160 2625 3247; baseline 0.004 -25"><span class='ocrx_word' id='word_1_212' title='bbox 456 3163 657 3243; x_wconf 87' lang='lat' dir='ltr'>posuit</span> <span class='ocrx_word' id='word_1_213' title='bbox 692 3179 802 3243; x_wconf 92' lang='lat' dir='ltr'>pro</span> <span class='ocrx_word' id='word_1_214' title='bbox 838 3160 1110 3238; x_wconf 83' lang='grc' dir='ltr'><strong><em>Ἰκόνιον,</em></strong></span> <span class='ocrx_word' id='word_1_215' title='bbox 1160 3163 1615 3243; x_wconf 83' lang='lat' dir='ltr'>diligentissime</span> <span class='ocrx_word' id='word_1_216' title='bbox 1658 3181 1826 3247; x_wconf 81' lang='lat' dir='ltr'>suum</span> <span class='ocrx_word' id='word_1_217' title='bbox 1868 3164 2028 3227; x_wconf 84' lang='lat' dir='ltr'>fecit.</span> <span class='ocrx_word' id='word_1_218' title='bbox 2084 3165 2256 3240; x_wconf 87' lang='lat' dir='ltr'>Quod</span> <span class='ocrx_word' id='word_1_219' title='bbox 2298 3183 2444 3228; x_wconf 87' lang='lat' dir='ltr'>vero</span> <span class='ocrx_word' id='word_1_220' title='bbox 2486 3183 2625 3246; x_wconf 82' lang='lat' dir='ltr'>pag.</span> 
     </span>
     <span class='ocr_line' id='line_1_29' title="bbox 464 3269 2628 3355; baseline 0 -21"><span class='ocrx_word' id='word_1_221' title='bbox 464 3269 603 3334; x_wconf 83' lang='grc'><strong><em>156.</em></strong></span> <span class='ocrx_word' id='word_1_222' title='bbox 650 3270 963 3333; x_wconf 83' lang='lat' dir='ltr'>Herbstius</span> <span class='ocrx_word' id='word_1_223' title='bbox 1009 3270 1181 3349; x_wconf 89' lang='lat' dir='ltr'>„Wie</span> <span class='ocrx_word' id='word_1_224' title='bbox 1221 3269 1373 3348; x_wconf 81' lang='lat' dir='ltr'>ich“‚</span> <span class='ocrx_word' id='word_1_225' title='bbox 1420 3271 1632 3351; x_wconf 89' lang='lat' dir='ltr'>inquit,</span> <span class='ocrx_word' id='word_1_226' title='bbox 1673 3288 1816 3350; x_wconf 80' lang='lat' dir='ltr'>„aus</span> <span class='ocrx_word' id='word_1_227' title='bbox 1862 3271 1972 3334; x_wconf 89' lang='lat' dir='ltr'>der</span> <span class='ocrx_word' id='word_1_228' title='bbox 2019 3278 2226 3334; x_wconf 90' lang='lat' dir='ltr'>treuen</span> <span class='ocrx_word' id='word_1_229' title='bbox 2250 3272 2628 3355; x_wconf 85' lang='lat' dir='ltr'>Darstellung</span> 
     </span>
     <span class='ocr_line' id='line_1_30' title="bbox 459 3377 2630 3462; baseline 0 -20"><span class='ocrx_word' id='word_1_230' title='bbox 459 3377 822 3442; x_wconf 82' lang='lat' dir='ltr'>muthmasse</span> <span class='ocrx_word' id='word_1_231' title='bbox 851 3426 868 3458; x_wconf 85' lang='lat'>,</span> <span class='ocrx_word' id='word_1_232' title='bbox 908 3379 1009 3442; x_wconf 88' lang='lat' dir='ltr'>hat</span> <span class='ocrx_word' id='word_1_233' title='bbox 1049 3379 1344 3441; x_wconf 87' lang='lat' dir='ltr'>Himerius</span> <span class='ocrx_word' id='word_1_234' title='bbox 1392 3415 1471 3428; x_wconf 92' lang='lat'><em>-</em></span> <span class='ocrx_word' id='word_1_235' title='bbox 1511 3379 1881 3462; x_wconf 86' lang='lat' dir='ltr'>wenigstens</span> <span class='ocrx_word' id='word_1_236' title='bbox 1925 3380 2085 3443; x_wconf 89' lang='lat' dir='ltr'>noch</span> <span class='ocrx_word' id='word_1_237' title='bbox 2126 3381 2234 3443; x_wconf 90' lang='lat' dir='ltr'>das</span> <span class='ocrx_word' id='word_1_238' title='bbox 2274 3380 2435 3443; x_wconf 87' lang='lat' dir='ltr'>Buch</span> <span class='ocrx_word' id='word_1_239' title='bbox 2480 3382 2630 3459; x_wconf 78' lang='grc' dir='ltr'>περὶ</span> 
     </span>
     <span class='ocr_line' id='line_1_31' title="bbox 455 3486 2626 3573; baseline -0.001 -23"><span class='ocrx_word' id='word_1_240' title='bbox 455 3488 566 3569; x_wconf 79' lang='grc' dir='ltr'><strong><em>τῆς</em></strong></span> <span class='ocrx_word' id='word_1_241' title='bbox 608 3487 676 3550; x_wconf 78' lang='grc' dir='ltr'><strong><em>ἐν</em></strong></span> <span class='ocrx_word' id='word_1_242' title='bbox 720 3488 888 3572; x_wconf 79' lang='grc' dir='ltr'>α’ρχῇ</span> <span class='ocrx_word' id='word_1_243' title='bbox 932 3486 1370 3573; x_wconf 70' lang='grc' dir='ltr'><strong><em>καταστάσεῳς</em></strong></span> <span class='ocrx_word' id='word_1_244' title='bbox 1416 3487 1605 3549; x_wconf 89' lang='lat' dir='ltr'>selbst</span> <span class='ocrx_word' id='word_1_245' title='bbox 1642 3487 1950 3569; x_wconf 81' lang='lat' dir='ltr'>gelesen“‚</span> <span class='ocrx_word' id='word_1_246' title='bbox 1988 3489 2198 3550; x_wconf 85' lang='lat' dir='ltr'>melius</span> <span class='ocrx_word' id='word_1_247' title='bbox 2229 3488 2501 3568; x_wconf 83' lang='lat' dir='ltr'>profecto</span> <span class='ocrx_word' id='word_1_248' title='bbox 2530 3486 2626 3547; x_wconf 86' lang='lat' dir='ltr'>se-</span> 
     </span>
     <span class='ocr_line' id='line_1_32' title="bbox 462 3594 2627 3679; baseline -0 -21"><span class='ocrx_word' id='word_1_249' title='bbox 462 3597 645 3659; x_wconf 87' lang='lat' dir='ltr'>cisset</span> <span class='ocrx_word' id='word_1_250' title='bbox 686 3596 739 3662; x_wconf 88' lang='lat' dir='ltr'>si</span> <span class='ocrx_word' id='word_1_251' title='bbox 783 3594 900 3657; x_wconf 86' lang='lat' dir='ltr'>hac</span> <span class='ocrx_word' id='word_1_252' title='bbox 943 3612 1178 3679; x_wconf 90' lang='lat' dir='ltr'>quoque</span> <span class='ocrx_word' id='word_1_253' title='bbox 1217 3598 1280 3657; x_wconf 90' lang='lat' dir='ltr'>in</span> <span class='ocrx_word' id='word_1_254' title='bbox 1323 3613 1392 3656; x_wconf 90' lang='lat' dir='ltr'>re</span> <span class='ocrx_word' id='word_1_255' title='bbox 1439 3596 1915 3661; x_wconf 84' lang='lat' dir='ltr'>Wernsdortium</span> <span class='ocrx_word' id='word_1_256' title='bbox 1955 3603 2260 3660; x_wconf 86' lang='lat' dir='ltr'>auctorem</span> <span class='ocrx_word' id='word_1_257' title='bbox 2312 3601 2475 3658; x_wconf 91' lang='lat' dir='ltr'>esset</span> <span class='ocrx_word' id='word_1_258' title='bbox 2518 3613 2627 3658; x_wconf 87' lang='lat' dir='ltr'>se·-</span> 
     </span>
    </p>
   </div>
   <div class='ocr_carea' id='block_1_8' title="bbox 461 3702 2762 3786">
    <p class='ocr_par' dir='ltr' id='par_1_9' title="bbox 461 3702 2762 3786">
     <span class='ocr_line' id='line_1_33' title="bbox 461 3702 2762 3786; baseline 0 -21"><span class='ocrx_word' id='word_1_259' title='bbox 461 3710 654 3780; x_wconf 82' lang='lat' dir='ltr'>cutuS‚</span> <span class='ocrx_word' id='word_1_260' title='bbox 699 3704 820 3783; x_wconf 88' lang='lat' dir='ltr'>qui,</span> <span class='ocrx_word' id='word_1_261' title='bbox 858 3702 920 3765; x_wconf 91' lang='lat' dir='ltr'>id</span> <span class='ocrx_word' id='word_1_262' title='bbox 964 3702 1123 3785; x_wconf 91' lang='lat' dir='ltr'>quod</span> <span class='ocrx_word' id='word_1_263' title='bbox 1165 3703 1263 3765; x_wconf 84' lang='lat' dir='ltr'>vel</span> <span class='ocrx_word' id='word_1_264' title='bbox 1304 3710 1518 3784; x_wconf 88' lang='lat' dir='ltr'>sponte</span> <span class='ocrx_word' id='word_1_265' title='bbox 1561 3712 1827 3785; x_wconf 90' lang='lat' dir='ltr'>apparet,</span> <span class='ocrx_word' id='word_1_266' title='bbox 1868 3721 1991 3767; x_wconf 89' lang='lat' dir='ltr'>non</span> <span class='ocrx_word' id='word_1_267' title='bbox 2037 3722 2115 3766; x_wconf 86' lang='lat' dir='ltr'>ex</span> <span class='ocrx_word' id='word_1_268' title='bbox 2153 3706 2283 3786; x_wconf 91' lang='lat' dir='ltr'>ipso</span> <span class='ocrx_word' id='word_1_269' title='bbox 2327 3705 2628 3785; x_wconf 88' lang='lat' dir='ltr'>Protago-</span> <span class='ocrx_word' id='word_1_270' title='bbox 2751 3732 2762 3741; x_wconf 43' lang='lat'><em>⁵</em></span> 
     </span>
    </p>
   </div>
   <div class='ocr_carea' id='block_1_9' title="bbox 459 3809 2629 4431">
    <p class='ocr_par' dir='ltr' id='par_1_10' title="bbox 459 3809 2624 3997">
     <span class='ocr_line' id='line_1_34' title="bbox 459 3809 2624 3894; baseline 0 -21"><span class='ocrx_word' id='word_1_271' title='bbox 459 3827 567 3873; x_wconf 87' lang='lat' dir='ltr'>rae</span> <span class='ocrx_word' id='word_1_272' title='bbox 611 3809 787 3888; x_wconf 88' lang='lat' dir='ltr'>libro,</span> <span class='ocrx_word' id='word_1_273' title='bbox 831 3810 939 3872; x_wconf 90' lang='lat' dir='ltr'>sed</span> <span class='ocrx_word' id='word_1_274' title='bbox 989 3827 1026 3872; x_wconf 92' lang='lat' dir='ltr'>e</span> <span class='ocrx_word' id='word_1_275' title='bbox 1073 3810 1334 3873; x_wconf 89' lang='lat' dir='ltr'>Platonis</span> <span class='ocrx_word' id='word_1_276' title='bbox 1362 3811 1690 3893; x_wconf 84' lang='lat' dir='ltr'>Protagora</span> <span class='ocrx_word' id='word_1_277' title='bbox 1735 3812 1895 3874; x_wconf 86' lang='lat' dir='ltr'>hunc</span> <span class='ocrx_word' id='word_1_278' title='bbox 1937 3811 2196 3894; x_wconf 81' lang='lat' dir='ltr'>mythum</span> <span class='ocrx_word' id='word_1_279' title='bbox 2240 3812 2315 3874; x_wconf 91' lang='lat' dir='ltr'>ab</span> <span class='ocrx_word' id='word_1_280' title='bbox 2359 3811 2624 3873; x_wconf 89' lang='lat' dir='ltr'>Himerio</span> 
     </span>
     <span class='ocr_line' id='line_1_35' title="bbox 463 3917 1644 3997; baseline 0.003 -19"><span class='ocrx_word' id='word_1_281' title='bbox 463 3917 800 3997; x_wconf 86' lang='lat' dir='ltr'>ceterisque</span> <span class='ocrx_word' id='word_1_282' title='bbox 846 3918 1114 3980; x_wconf 80' lang='lat' dir='ltr'>haustum</span> <span class='ocrx_word' id='word_1_283' title='bbox 1161 3936 1300 3982; x_wconf 91' lang='lat' dir='ltr'>esse</span> <span class='ocrx_word' id='word_1_284' title='bbox 1345 3921 1591 3982; x_wconf 88' lang='lat' dir='ltr'>monuit.</span> <span class='ocrx_word' id='word_1_285' title='bbox 1640 3938 1644 3943; x_wconf 88' lang='lat'><strong>·</strong></span> 
     </span>
    </p>

    <p class='ocr_par' dir='ltr' id='par_1_11' title="bbox 460 4023 2629 4431">
     <span class='ocr_line' id='line_1_36' title="bbox 631 4023 2627 4110; baseline 0.003 -25"><span class='ocrx_word' id='word_1_286' title='bbox 631 4023 904 4087; x_wconf 88' lang='lat' dir='ltr'>Ceterum</span> <span class='ocrx_word' id='word_1_287' title='bbox 950 4025 1025 4087; x_wconf 93' lang='lat' dir='ltr'>de</span> <span class='ocrx_word' id='word_1_288' title='bbox 1067 4026 1184 4087; x_wconf 89' lang='lat' dir='ltr'>hac</span> <span class='ocrx_word' id='word_1_289' title='bbox 1224 4026 1621 4108; x_wconf 88' lang='lat' dir='ltr'>sophistarum</span> <span class='ocrx_word' id='word_1_290' title='bbox 1663 4030 1916 4106; x_wconf 86' lang='lat' dir='ltr'>ratione,</span> <span class='ocrx_word' id='word_1_291' title='bbox 1956 4045 2070 4110; x_wconf 91' lang='lat' dir='ltr'>qua</span> <span class='ocrx_word' id='word_1_292' title='bbox 2099 4030 2369 4109; x_wconf 88' lang='lat' dir='ltr'>antiquas</span> <span class='ocrx_word' id='word_1_293' title='bbox 2397 4024 2627 4090; x_wconf 86' lang='lat' dir='ltr'>fabulas</span> 
     </span>
     <span class='ocr_line' id='line_1_37' title="bbox 461 4132 2625 4218; baseline 0.004 -24"><span class='ocrx_word' id='word_1_294' title='bbox 461 4132 522 4195; x_wconf 91' lang='lat' dir='ltr'>in</span> <span class='ocrx_word' id='word_1_295' title='bbox 587 4149 756 4195; x_wconf 90' lang='lat' dir='ltr'>suum</span> <span class='ocrx_word' id='word_1_296' title='bbox 805 4150 973 4195; x_wconf 91' lang='lat' dir='ltr'>usum</span> <span class='ocrx_word' id='word_1_297' title='bbox 1034 4137 1455 4216; x_wconf 84' lang='lat' dir='ltr'>immutarunt,</span> <span class='ocrx_word' id='word_1_298' title='bbox 1518 4137 1640 4203; x_wconf 87' lang='lat' dir='ltr'>vid.</span> <span class='ocrx_word' id='word_1_299' title='bbox 1684 4138 2069 4200; x_wconf 88' lang='lat' dir='ltr'>Buttmannus</span> <span class='ocrx_word' id='word_1_300' title='bbox 2108 4136 2349 4218; x_wconf 81' lang='lat' dir='ltr'>Mytbol.</span> <span class='ocrx_word' id='word_1_301' title='bbox 2394 4143 2531 4198; x_wconf 90' lang='lat' dir='ltr'>tom.</span> <span class='ocrx_word' id='word_1_302' title='bbox 2576 4135 2625 4203; x_wconf 91' lang='lat'>1.</span> 
     </span>
     <span class='ocr_line' id='line_1_38' title="bbox 460 4241 2629 4324; baseline 0.002 -23"><span class='ocrx_word' id='word_1_303' title='bbox 460 4258 596 4323; x_wconf 87' lang='lat' dir='ltr'>pag.</span> <span class='ocrx_word' id='word_1_304' title='bbox 636 4241 777 4304; x_wconf 74' lang='lat'>253.</span> <span class='ocrx_word' id='word_1_305' title='bbox 824 4248 886 4304; x_wconf 85' lang='lat' dir='ltr'>et</span> <span class='ocrx_word' id='word_1_306' title='bbox 925 4242 1277 4318; x_wconf 67' lang='lat' dir='ltr'>Welclrerus</span> <span class='ocrx_word' id='word_1_307' title='bbox 1322 4262 1463 4324; x_wconf 90' lang='lat' dir='ltr'>pag.</span> <span class='ocrx_word' id='word_1_308' title='bbox 1510 4245 1649 4307; x_wconf 91' lang='grc'><strong><em>579.</em></strong></span> <span class='ocrx_word' id='word_1_309' title='bbox 1693 4244 1910 4307; x_wconf 87' lang='lat' dir='ltr'>Ekkcri</span> <span class='ocrx_word' id='word_1_310' title='bbox 1957 4244 2168 4308; x_wconf 90' lang='lat' dir='ltr'>librum</span> <span class='ocrx_word' id='word_1_311' title='bbox 2214 4244 2289 4307; x_wconf 88' lang='lat' dir='ltr'>de</span> <span class='ocrx_word' id='word_1_312' title='bbox 2332 4244 2449 4307; x_wconf 89' lang='lat' dir='ltr'>hoc</span> <span class='ocrx_word' id='word_1_313' title='bbox 2490 4261 2629 4324; x_wconf 83' lang='lat' dir='ltr'>my-</span> 
     </span>
     <span class='ocr_line' id='line_1_39' title="bbox 462 4348 1563 4431; baseline 0.003 -21"><span class='ocrx_word' id='word_1_314' title='bbox 462 4348 564 4411; x_wconf 85' lang='lat' dir='ltr'>tho</span> <span class='ocrx_word' id='word_1_315' title='bbox 606 4349 829 4413; x_wconf 85' lang='lat' dir='ltr'>editum</span> <span class='ocrx_word' id='word_1_316' title='bbox 875 4350 1171 4431; x_wconf 87' lang='lat' dir='ltr'>inspicere</span> <span class='ocrx_word' id='word_1_317' title='bbox 1216 4369 1338 4413; x_wconf 89' lang='lat' dir='ltr'>non</span> <span class='ocrx_word' id='word_1_318' title='bbox 1379 4354 1563 4431; x_wconf 87' lang='lat' dir='ltr'>potui.</span> 
     </span>
    </p>
   </div>
  </div>
 </body>
</html>
