2975 4959
1262 285 1805 356 -108-

455 474 698 557 clilique
738 473 1034 536 sententia
1094 472 1402 537 dissimilia
1450 471 1858 536 dissimilibus*
1879 471 2089 535 sentiri
2135 472 2259 550 ait,
2320 484 2441 532 non
2485 488 2634 534 vero

450 583 668 648 similia
731 581 1065 659 similibus,
1120 583 1258 665 quia
1299 584 1569 645 omnino
1630 582 1844 643 similia
1902 579 2191 643 similibus
2250 578 2408 641 affici
2471 581 2634 643 nullo

444 691 627 754 modo
686 697 924 772 queant.
984 691 1373 774 Protagoram
1419 707 1594 768 vero,
1637 697 1702 752 ut
1741 691 2166 767 Democritum,
2205 694 2427 759 tantum
2471 691 2636 752 simi-

450 799 533 863 lia
574 798 863 862 similibus
900 799 1125 881 percipi
1162 800 1476 873 statuisse,
1536 804 1714 878 atque
1753 815 1885 860 cum
1927 798 2181 860 fluerent
2218 814 2320 858 res
2359 796 2630 858 sensibi-

450 910 566 988 leS,
605 911 782 970 etiam
809 925 1025 972 sensus
1071 915 1455 971 moverentur
1494 923 1754 969 necesse
1796 923 1968 968 esse:
2012 907 2180 969 cuius
2221 907 2309 967 rei
2353 906 2415 967 in
2457 905 2633 967 testi-

442 1017 704 1097 monium
772 1023 950 1080 vocat
1011 1016 1319 1098 Philoponi
1384 1016 1571 1078 verba
1639 1013 1716 1078 ab
1757 1014 2036 1077 Herbstio
2082 1031 2219 1096 pag.
2261 1014 2409 1105 115.
2454 1011 2633 1075 exbi-

447 1124 611 1187 bita=
683 1124 821 1188 Τῶν
879 1120 1003 1205 γὰρ
1066 1121 1454 1206 πραγμάτων
1519 1123 1587 1186 ἐν
1640 1121 1879 1203 κινήσει
1937 1114 2138 1184 ὄντων
2196 1122 2328 1183 δεῖν
2387 1122 2499 1182 καί
2553 1112 2624 1181 τὸ

443 1233 783 1312 γιγνῶσκον
825 1228 904 1296 τοὶ
959 1230 1299 1315 πράγματα
1357 1233 1424 1293 ἐν
1465 1227 1700 1313 κινήσει
1765 1224 1925 1294 εἶναι
1951 1281 1969 1314 ,
2024 1227 2128 1304 rm
2171 1229 2634 1310 συμπαραθέων

444 1337 661 1413 αὐτοῖς
705 1336 1070 1423 ἐφάπτηται
1117 1336 1226 1402 καί
1264 1336 1600 1424 ὲφαρμόζῃ
1649 1337 1900 1411 αὐτοῖς·
1984 1333 2051 1401 τὸ
2097 1332 2219 1420 γάρ
2258 1328 2458 1408 ἑστώς
2499 1334 2633 1407 πῶς

451 1440 536 1509 ὃν
575 1449 751 1528 γνοίη
791 1443 859 1510 td
909 1447 1310 1526 mundanarum
1398 1446 1529 1520 Qua
1593 1447 1655 1508 in
1714 1463 1787 1508 re
1842 1460 2067 1509 vereor
2120 1463 2201 1507 ne
2255 1444 2630 1506 Hermannus

454 1555 800 1616 auctoribus
844 1572 997 1634 quos
1038 1560 1278 1617 secutus
1338 1559 1434 1615 est
1465 1553 1735 1630 ‚nimium
1799 1554 2089 1616 tribuerit.
2174 1554 2425 1615 Primum
2470 1553 2629 1613 enim

448 1679 647 1742 neque
711 1662 1109 1742 Theophrasti
1177 1662 1254 1724 de
1321 1660 1622 1724 Heraclito
1688 1664 2092 1725 testimonium
2157 1663 2218 1724 in
2285 1661 2629 1724 universum

458 1769 703 1848 valere,
762 1786 959 1850 neque
1005 1775 1245 1848 praeter
1286 1768 1677 1850 Protagoram
1718 1770 1903 1833 solius
1947 1770 2277 1834 Democriti
2331 1769 2632 1850 proprium

456 1893 597 1939 csse
640 1877 915 1958 placitum
974 1877 1159 1952 illud,
1221 1878 1341 1940 iam
1387 1877 1652 1941 Zellerus
1692 1880 1917 1941 monuit
1966 1878 2102 1940 libri
2143 1877 2220 1941 de
2262 1877 2632 1941 Graecorum

447 1984 828 2067 philosophia
885 1985 1027 2049 editi
1072 1992 1214 2049 tom.
1263 1986 1306 2049 Ι.
1355 2004 1490 2067 pag.
1548 1988 1708 2051 258:
1771 1989 1928 2068 „Das
1985 1987 2259 2050 Letztere
2319 1986 2626 2065 indessen,

452 2102 631 2156 wenn
676 2112 744 2158 es
786 2095 941 2158 auch
981 2086 1354 2175 Theophrast
1392 2102 1567 2176 sagt‚
1640 2095 1720 2158 ist
1761 2095 1921 2158 doch
1972 2095 2298 2158 hochstens
2341 2112 2453 2157 nur
2490 2094 2627 2157 balb

448 2202 635 2281 wabr‚
680 2202 840 2266 deun
883 2202 993 2266 das
1037 2203 1432 2284 Allgemeine‚
1481 2204 1591 2266 das
1623 2204 1898 2281 Urseuer‚
1947 2204 2201 2267 erkennt
2245 2202 2355 2266 der
2378 2202 2627 2266 Mensch

449 2311 609 2373 eben
664 2313 953 2394 vermbge
1014 2312 1218 2374 seiner
1276 2310 1767 2394 Gleicbartigkeit
1824 2314 1929 2375 mit
1992 2311 2103 2376 der
2156 2312 2330 2377 Seele
2378 2312 2505 2390 (Fr.
2543 2311 2627 2374 40

451 2421 551 2484 bei
591 2418 1109 2482 Schleiermacher
1153 2417 1331 2480 WW.
1372 2417 1483 2497 ΙΙΙ,
1529 2421 1597 2500 2,
1642 2418 1746 2482 93.
1787 2417 1907 2500 vgl.
1949 2419 2088 2482 ebd.
2132 2421 2191 2493 S.
2239 2419 2446 2497 136.J;
2507 2419 2631 2483 und

454 2528 566 2590 der
609 2529 789 2605 Sata,
834 2524 1107 2589 welchen
1151 2526 1515 2609 Protagoras
1556 2528 1659 2589 mit
1703 2527 2015 2591 Demokrit
2046 2529 2288 2611 gemein
2332 2529 2470 2607 hat,
2509 2546 2631 2611 ge-

452 2635 594 2698 bort
625 2635 791 2698 nicht
831 2635 1060 2697 diesem
1101 2634 1282 2697 allein
1328 2652 1444 2698 an:
1485 2650 1538 2698 s.
1569 2636 1754 2698 Arist.
1796 2634 1873 2697 de
1897 2635 2015 2699 An.
2059 2634 2103 2698 1.
2148 2638 2205 2700 2.
2249 2633 2395 2715 404,
2433 2636 2493 2715 b,
2533 2641 2632 2703 8.“

452 2744 575 2810 Sed
621 2744 859 2807 accedit
900 2742 1062 2825 quod
1109 2742 1405 2807 dixeritne
1448 2761 1520 2808 re
1559 2760 1706 2807 vera
1752 2744 2114 2827 Protagoras
2157 2744 2371 2808 similia
2417 2744 2633 2808 simili·
2695 2810 2705 2819 ,

452 2855 564 2916 bus
605 2859 829 2915 tantum
869 2853 1096 2932 percipi
1141 2832 1511 2935 magnopere
1557 2869 1677 2933 ego
1722 2840 1952 2915 dubito.
2032 2853 2240 2934 Neque
2283 2853 2442 2916 enim
2498 2852 2631 2917 aliis

458 2962 580 3023 hoc
643 2977 794 3040 quos
856 2961 1042 3023 sciam
1100 2962 1458 3040 scriptorum
1520 2959 1672 3023 locis
1738 2967 1983 3042 apparet
2041 2978 2239 3042 neque
2297 2962 2629 3043 Philoponi.

454 3068 604 3133 Nam
646 3069 739 3130 bis
787 3074 953 3129 certe
998 3067 1232 3131 verbis:
1286 3065 1369 3130 Τό
1410 3064 1534 3150 γὰρ
1579 3062 1778 3141 ἑστώς
1817 3070 1950 3143 πῶς
1989 3063 2071 3133 ἂν
2106 3068 2279 3152 γιοιή
2307 3066 2375 3132 τό
2422 3067 2635 3133 κινού-

452 3194 682 3256 arvom
735 3176 967 3238 etiamsi
1008 3175 1377 3256 Protagorae
1417 3192 1556 3237 esse
1604 3177 1937 3240 contendas
1979 3178 2168 3258 (quod
2211 3176 2450 3259 quidem
2490 3178 2633 3241 mibi

456 3282 825 3365 persuadere
863 3300 985 3345 non
1043 3300 1321 3365 possum:
1362 3283 1543 3345 immo
1592 3282 1669 3345 de
1708 3301 1820 3347 suo
1862 3284 2221 3366 Pbiloponus
2265 3286 2530 3362 addidit,
2567 3292 2635 3348 ut

457 3393 826 3476 Protagorae
894 3393 1249 3456 sententiam
1323 3393 1695 3474 explicaret)
1764 3410 1888 3455 non
1948 3394 2246 3458 indicatur
2310 3393 2632 3457 similitudo

459 3501 654 3583 aliqua
696 3519 978 3565 sensuum
1022 3519 1341 3583 rerumque
1382 3501 1775 3581 sensibilium,
1816 3502 1932 3565 sed
1971 3504 2264 3585 congredi
2295 3519 2417 3565 non
2445 3519 2632 3584 posse

459 3627 675 3674 sensus
720 3628 853 3673 cmn
895 3610 1076 3673 rebus
1122 3609 1456 3674 sentiendis
1501 3627 1698 3692 neque
1754 3609 1900 3673 ideo
1956 3611 2087 3674 fieri
2141 3627 2422 3673 sensuum
2484 3610 2636 3673 affc-

464 3719 722 3795 ctioneS‚
760 3720 815 3780 si
865 3706 1046 3781 rebus
1084 3718 1402 3781 fluentibus
1444 3734 1663 3781 sensus
1701 3719 1828 3781 suis
1866 3717 2018 3781 locis
2062 3719 2398 3790 haererent.
2460 3718 2636 3793 Quod

466 3842 615 3890 vero
672 3827 750 3889 de
788 3826 1026 3908 Cratylo
1072 3826 1305 3906 profert
1346 3827 1761 3890 Hermannus:
1823 3826 2059 3908 „Scbon
2109 3826 2323 3890 Plato’s
2360 3827 2636 3909 Kratylus

465 3952 627 3998 muss
669 3933 776 3997 auf
811 3933 930 3995 den
973 3933 1370 3998 Unterscbied
1412 3935 1626 3998 beider
1667 3934 1909 4013 subren,
1948 3935 2147 3997 indem
2192 3933 2329 3997 dort
2371 3935 2482 3997 der
2507 3935 2637 4011 He-

462 4041 746 4105 racliteer
783 4039 1058 4121 Kratylus
1096 4041 1327 4124 gerade
1374 4042 1486 4104 das
1519 4042 1876 4126 Gegentheil
1918 4060 2039 4105 von
2083 4041 2217 4104 dem
2251 4043 2637 4124 Protagorei-

463 4148 652 4212 seben
698 4149 874 4212 Satze
918 4148 1293 4239 bebauptet.“
1337 4186 1418 4200 —
1481 4149 1562 4212 de
1620 4149 1738 4213 boc
1800 4167 2037 4231 quoque
2098 4157 2450 4232 argumento
2510 4167 2631 4232 ego

460 4272 585 4321 non
631 4274 872 4338 possum
919 4259 1057 4337 quin
1106 4257 1323 4322 Zelleri
1369 4260 1557 4322 verba
1598 4258 1637 4319 1.
1684 4257 1723 4319 l.
1769 4276 1911 4331 mea,
1948 4257 2200 4321 faciam:
2246 4259 2428 4337 „Was
2472 4258 2632 4319 end-

465 4365 584 4428 licb
627 4364 786 4429 noch
826 4371 1045 4447 gesagt
1087 4365 1261 4444 wird‚
1309 4365 1419 4429 der
1460 4365 1832 4428 Heracliteer
1869 4365 2146 4447 Kratylus
2189 4365 2488 4446 hebaupte
2533 4367 2634 4430 bei
