2975 4959
1178 307 1664 377 ....81-.

331 492 485 575 ἧμῖν
540 488 796 573 ἔχουσιν
840 484 1166 572 ὀνόματα·
1250 486 1427 574 ὄψεις
1489 516 1553 555 τε
1610 496 1720 557 καί
1772 488 1962 556 cinca?
2012 491 2120 555 καί
2154 491 2520 576 ,ὀσφρησεις

340 603 451 663 καί
493 598 716 682 ’ψύξεις
759 622 825 663 τε
873 602 981 665 κατ’
1042 601 1298 675 καύσεις
1354 601 1463 665 καὶ
1515 600 1744 685 ἡδοναί
1789 625 1858 683 γε
1907 598 1982 682 δὴ
2030 598 2138 664 καί
2178 581 2376 664 λῧπαι
2415 600 2525 670 καὶ

337 709 675 786 ἐπιθυμίαι
721 712 826 770 καὶ
874 710 1063 793 φόβοι
1120 714 1524 790 κεκλημέναι,
1587 710 1695 772 καί
1741 702 1966 790 ἄλλαι,
2028 709 2364 791 α’πὲραντοι
2404 710 2521 786 μὲν

341 814 411 879 αἱ
461 814 831 896 α’νώνυμοι,
905 819 1307 897 παμπληθεῖς
1367 819 1437 879 δὲ
1499 813 1566 880 αἱ
1624 818 2087 895 ω’νομασμέναι.
2187 813 2254 879 τὸ
2320 816 2376 876 δ’
2435 808 2526 878 αὖ

347 920 651 1006 αἰσθητὸν
705 928 880 1005 γένος
929 923 1166 989 τούτων
1211 923 1500 998 ἑκάστοις
1546 922 1877 1006 ὁμόγονον,
1931 912 2120 1003 ὄψεσι
2179 926 2297 1002 μὲν
2347 921 2516 1005 χρώ.

342 1053 519 1111 ματα
580 1033 1007 1105 παντοδαπαῖς
1064 1029 1471 1111 παντοδαπά,
1540 1034 1763 1106 α’κοαῖς
1810 1033 1880 1095 δὲ
1926 1029 2258 1106 αἷσαύτως-
2293 1030 2528 1115 φωναί,

348 1139 461 1200 καὶ
522 1147 658 1211 ταῖς
719 1130 945 1211 ἄλλαις
1006 1138 1343 1224 αἰσθήσεσι
1403 1139 1482 1202 τὰ
1551 1133 1712 1204 ἄλλα
1763 1135 2036 1222 αἰσθητὰ
2106 1141 2368 1221 ξυγγενῆ
2427 1163 2524 1218 γι-

338 1245 626 1328 γνόμενα.
1034 1260 1038 1266 ’

344 1397 588 1459 Theaet.
660 1415 795 1478 pag.
849 1396 986 1461 156.
1050 1397 1289 1459 A—C.
1353 1433 1436 1447 -
1506 1396 1865 1479 Congressis
1931 1396 2113 1478 igitur
2170 1412 2243 1457 ac
2300 1394 2529 1475 permi-

338 1506 445 1567 stis
506 1507 826 1567 contrariis
896 1506 1179 1569 motionis
1232 1507 1441 1568 formis
1505 1506 1775 1568 oriuntur
1835 1512 1896 1567 et
1957 1523 2058 1567 res
2107 1504 2423 1567 sensibiles
2469 1509 2530 1564 et

347 1632 602 1691 sensuS‚
655 1615 888 1699 utrique
933 1615 1244 1681 innumeri.
1346 1616 1572 1678 Sensus
1617 1620 1753 1675 sunt
1791 1612 1994 1692 visuS,
2042 1613 2277 1675 auditus
2305 1661 2323 1691 ‚
2364 1612 2526 1674 olfa-

337 1729 535 1811 ctuss
571 1739 785 1783 sensus
856 1721 1098 1804 frigoris
1162 1729 1222 1783 et
1264 1725 1523 1798 caloris,
1590 1721 1960 1802 voluptateS‚
2025 1721 2329 1796 tristitiae,
2407 1737 2519 1784 cu-

344 1829 622 1911 piditates
654 1882 670 1909 ‚
740 1819 1028 1909 timores,
1089 1829 1317 1908 ceteri,
1376 1845 1486 1911 per
1532 1846 1684 1909 quos
1742 1832 1871 1891 sive
1917 1848 2048 1892 cum
2091 1844 2348 1908 corpore
2395 1828 2526 1891 sive

346 1955 476 1999 cum
524 1933 722 1999 animo
768 1936 1053 1999 sensibile
1096 1936 1317 2019 aliquid
1363 1938 1853 2000 communicatur.
1939 1937 2059 1998 Res
2122 1943 2315 1998 autem
2376 1953 2528 1997 sen·

346 2044 550 2107 sibiles
589 2050 728 2106 sunt
772 2044 1032 2122 colores,
1070 2061 1280 2122 voceS,
1321 2045 1567 2123 odorem,
1614 2044 1822 2125 frigus,
1865 2044 2052 2121 calor,
2093 2044 2371 2119 iucunda,
2416 2045 2531 2105 tri-

343 2152 476 2228 stia,
522 2158 584 2214 et
624 2152 1073 2244 quibuscunque
1124 2159 1437 2232 praeterea
1488 2154 1618 2213 sive
1676 2168 1893 2231 corpus
1936 2152 2066 2213 sive
2115 2152 2343 2212 animus
2390 2150 2529 2212 asii-

346 2261 517 2322 citur.
601 2261 731 2323 Una
787 2265 1059 2343 maeque
1120 2278 1222 2324 res
1265 2261 1565 2323 sensibilis
1612 2260 1785 2322 simul
1831 2277 1963 2321 cum
2024 2277 2209 2321 sensu
2266 2266 2528 2340 cognato

346 2361 652 2447 nascitur,
715 2373 778 2430 ut
836 2368 1000 2431 visus
1050 2386 1180 2429 cum
1228 2367 1473 2443 colore,
1538 2367 1775 2430 auditus
1831 2385 1963 2429 cum
2018 2383 2212 2441 voce,
2274 2366 2529 2428 olfactus

348 2477 478 2538 cu'm
526 2476 740 2539 odore.
802 2556 821 2566 ‘

514 2584 683 2647 Hunc
727 2585 922 2646 locum
944 2585 1183 2648 Geelius
1212 2587 1405 2648 minus
1452 2583 1620 2646 rect'e
1661 2577 1970 2646 intellexit.
2062 2579 2386 2665 Αἴσθησις
2430 2581 2532 2645 αέἰ

342 2671 867 2755 συνεκιιιίἰτουσα
921 2691 1031 2755 καί
1085 2695 1435 2774 γεννωμένη
1496 2688 1654 2770 μετὰ
1712 2694 1828 2754 τοῦ
1879 2690 2193 2772 αἰσθητοῦ
2232 2707 2369 2771 pag.
2412 2690 2520 2753 89.

256 2829 257 2836 ν
341 2793 765 2888 interpretatur
829 2819 1096 2881 „sensus
1163 2802 1262 2881 qui
1328 2817 1567 2881 semper
1634 2818 1766 2862 cum
1825 2797 2092 2861 sensibili
2168 2798 2524 2861 cohaeret.“

340 2909 566 2984 Quibus
629 2911 830 2986 verbis
890 2913 1130 2972 minime
1193 2926 1481 2990 expressa
1546 2914 1639 2970 est
1695 2909 1955 2996 Platonis
2014 2909 2332 2969 sententia.
2419 2906 2526 2969 Est

343 3019 538 3080 enim:
602 3029 887 3097 „s'ensus,
952 3020 1049 3099 qui
1110 3035 1348 3098 semper
1406 3016 1581 3078 simul
1638 3018 1885 3093 (eodem
1937 3023 2240 3096 tempore)
2303 3015 2529 3077 excidit

349 3129 479 3190 sive
539 3128 795 3190 efficitur
855 3135 1030 3209 atque
1085 3128 1346 3209 gignitur
1408 3144 1543 3188 cum
1600 3144 1669 3188 re
1732 3126 2058 3188 sensibili.“
2141 3125 2526 3206 Nequaquam

346 3238 504 3299 enim
548 3254 657 3317 pro
715 3240 1061 3319 γεννωμένη
1112 3235 1505 3299 scribendum
1547 3240 1639 3297 est
1695 3239 1985 3315 γενομένη
2014 3286 2031 3315 ,
2086 3240 2152 3296 ut
2206 3234 2353 3297 fecit
2404 3233 2520 3295 ille.

426 3398 521 3462 Vl.
583 3400 796 3461 Ταῦτα
823 3396 1022 3461 πάντα
1048 3401 1184 3477 μέν,
1228 3395 1436 3481 ὥσπερ
1469 3402 1742 3479 λέγομεν,
1786 3403 2062 3474 κινεῖται,
2107 3397 2297 3475 τάχος
2326 3398 2394 3458 δὲ
2424 3400 2532 3458 καί

346 3505 665 3586 βραδυτής
695 3502 788 3568 ἔνι
827 3508 908 3592 τῇ·
951 3505 1188 3588 κινήσει
1232 3509 1462 3576 αὐτῶν.
1551 3498 1699 3567 ὅσον
1744 3507 1860 3584 μὲν
1907 3495 2020 3565 οὖν
2058 3501 2288 3588 βραδύ,
2332 3504 2400 3564 ἐν
2443 3504 2530 3589 τῷ

341 3611 510 3697 αὐτῷ
533 3618 643 3691 καί
694 3610 852 3692 πρὸς
876 3609 949 3675 τά
996 3611 1418 3697 πλησιάζοντα
1443 3611 1555 3693 τήν
1599 3613 1836 3692 κίνησιν
1880 3605 2050 3689 ἴσχει
2092 3605 2202 3670 καί
2241 3605 2405 3671 οἷῖτω
2448 3608 2525 3691 δή

341 3722 564 3806 γεννᾷ,
620 3719 695 3782 τὰ
744 3722 813 3784 δὲ
853 3721 1203 3801 γεννώμενα
1250 3718 1420 3783 οὕτω
1466 3718 1543 3801 δή
1585 3716 1949 3800 βραδιῖτεριὶ
1998 3697 2208 3778 ἐστιν..
2272 3711 2419 3780 ὅσον
2461 3722 2529 3782 δὲ

348 3817 437 3887 αὖ
499 3824 709 3906 ταχύ,
772 3825 932 3910 πρὸς
978 3827 1056 3890 τοὶ
1117 3827 1452 3911 πόρρωθεν
1513 3825 1625 3909 τήν
1680 3830 1918 3907 κίνησιν
1981 3819 2149 3904 ἴσχει
2206 3829 2312 3886 καί
2368 3819 2531 3889 οὕτω

342 3931 681 4016 γεννᾷ,,τοὶ
728 3937 796 3997 δὲ
837 3932 1194 4015 γεννώμενα
1234 3928 1393 3997 οὕτω
1444 3933 1522 4017 δη
1574 3931 1783 3997 θάττω
1828 3931 2000 3994 ἐστι’·
2086 3924 2343 4014 φέρεται
2389 3931 2532 4015 γάρ,

338 4037 451 4102 καί
489 4042 556 4101 ἐν
602 4046 774 4128 φορᾷ
820 4042 1033 4106 αὐτῶν
1073 4041 1111 4124 ἧ
1154 4044 1388 4124 κίνησις
1435 4042 1733 4126 πέφυκεν.
1820 4039 1998 4115 (End.
2044 4057 2181 4121 pag.
2230 4040 2293 4117 C,
2339 4026 2444 4114 D'.)

508 4164 736 4237 Quibus
794 4167 870 4229 de
927 4168 1130 4232 verbis
1172 4169 1333 4229 omni
1388 4185 1465 4228 ex
1512 4173 1677 4247 parte
1717 4164 1872 4226 male
1913 4166 2158 4227 meritus
2220 4171 2311 4225 est
2367 4165 2530 4225 Gee-

336 4270 450 4333 lius
519 4271 840 4337 falsissima
893 4284 953 4338 et
1012 4277 1503 4356 interpretatione
1568 4282 1627 4335 et
1690 4273 2112 4338 emendatione
2173 4274 2522 4353 proposita:

337 4379 541 4460 „naec
577 4385 776 4447 omnia
843 4392 1007 4449 motu
1065 4386 1379 4465 feruutur,
1444 4385 1547 4465 qui
1609 4390 1707 4446 aut
1748 4382 1971 4463 ,tardus
2030 4389 2124 4443 est
2185 4387 2284 4444 a'ut
2344 4379 2526 4456 celer.

2077 4498 2123 4568 6
