2975 4959
1234 300 1328 316 -
1439 267 1770 337 182-

422 455 571 530 πᾶς
613 453 760 534 γάρ
802 454 929 525 τίς
962 474 1100 530 μιν
1140 448 1353 530 ὁρῶν
1394 448 1490 515 τοὶ
1536 442 1844 513 ἑωυτοῦ
1891 449 2197 512 πένθεα
2237 450 2603 531 &comui-

421 585 579 637 νως
619 564 994 647 φέροντα
1035 557 1619 642 μεγαλόφρονά
1661 580 1752 620 τε
1804 559 1936 621 καί
1973 555 2382 639 ἀνδρεῖον
2421 557 2600 625 ὲδό-

424 691 558 733 κει
600 662 812 733 εἶναι
854 665 1002 730 καί
1040 659 1353 731 ἑωυτοῦ
1398 662 1821 747 κρείσσω,
1876 658 2123 747 κάρτα
2161 661 2598 747 εἰδώς-τήν

422 773 751 841 ἑωυτοῦ
792 777 881 841 ἐν
918 773 1320 838 τοιοῖσδε
1360 769 1786 856 πράγμασι
1828 764 2323 856 ἀμηχανίην.

602 909 878 972 Ceterum
922 909 1042 970 hoc
1068 906 1478 989 figmentum
1512 924 1546 968 a
1572 905 1886 968 Plutarcho
1910 922 2034 968 non
2062 922 2142 967 ex
2160 905 2290 985 ipso
2306 903 2605 986 Protago-

425 1033 535 1078 rae
556 1016 710 1078 libro
756 1016 1129 1097 desumptum,
1145 1030 1284 1077 esse
1326 1013 1438 1077 sed
1464 1030 1575 1094 per
1590 1013 1935 1075 crantorem
1966 1011 2046 1074 illi
2074 1011 2409 1076 innotuisse
2435 1017 2600 1093 putat

430 1123 805 1187 Hermannus
846 1141 989 1205 pag.
1017 1123 1163 1187 381.
1247 1119 1630 1186 Matthiaeum
1675 1120 1930 1185 laudans
1960 1119 2334 1193 Vermiscbte
2369 1117 2609 1186 Schrif-

433 1239 537 1297 ten
581 1248 722 1317 pag.
766 1233 893 1297 50:
940 1232 1038 1297 cui
1077 1249 1201 1297 non
1245 1237 1341 1295 est
1377 1230 1542 1311 quod
1585 1236 1796 1293 contra
1838 1227 2055 1305 dicam.

1459 1413 1561 1474 Vl.

1162 1568 1345 1667 Περὶ
1396 1569 1861 1668 φιλοτιμίας.

584 1744 766 1827 Diog.
809 1698 1005 1808 Laert.
1048 1744 1150 1807 lib.
1195 1744 1296 1808 IX.
1344 1734 1406 1820 §-
1444 1745 1544 1806 55.
1629 1743 1811 1809 Liber
1848 1745 2087 1809 aliunde
2135 1746 2397 1828 ignotus.

1015 2076 1090 2149 C.
1193 2077 1556 2175 Scripta
1606 2080 2001 2176 politica.

1455 2279 1579 2343 vll.

1198 2440 1379 2538 Περὶ
1428 2436 1828 2521 πολιτείας.

602 2634 785 2715 Diog.
831 2634 1024 2697 Laert.
1073 2634 1172 2698 lib.
1211 2606 1313 2697 IX.
1362 2645 1420 2714 §.
1464 2637 1565 2699 55.
1650 2625 1841 2698 Huius
1878 2635 2013 2698 libri
2055 2638 2419 2717 praestantia
2473 2636 2610 2698 sor-

433 2748 600 2804 tasse
641 2760 826 2805 causa
866 2744 973 2805 suit
997 2789 1016 2820 ‚
1075 2751 1140 2806 ut
1180 2743 1550 2827 Protagorae
1592 2744 1986 2808 Thurinorum
2028 2745 2199 2826 leges
2256 2743 2614 2806 scribendas

428 2849 692 2914 Pericles
728 2850 1070 2914 mandaret:
1115 2851 1234 2915 vid.
1280 2871 1417 2934 pag.
1449 2852 1551 2916 65.
1638 2853 1816 2928 Quod
1855 2854 1911 2917 si
1947 2854 2029 2916 ita
2069 2870 2138 2915 se
2180 2852 2423 2931 habeat,
2468 2860 2608 2914 ante

431 2978 650 3023 annum
672 2960 816 3022 445.
859 2958 1223 3042 compositus
1267 2961 1466 3024 fuerit.
1519 2961 1641 3026 Sed
1685 2965 1837 3025 certi
1884 2962 1961 3024 de
1998 2962 2115 3024 bac
2157 2979 2224 3024 re
2266 2960 2413 3023 nihil
2455 2979 2613 3024 con-

424 3067 651 3130 firmari
705 3073 921 3148 potest.
1010 3068 1284 3129 Ceterum
1351 3085 1431 3129 ex
1485 3067 1855 3149 Protagorae
1902 3068 2109 3130 Politia
2152 3068 2316 3132 Plato
2375 3070 2610 3150 sapisse

421 3174 659 3239 videtur
700 3192 870 3239 suam
914 3175 1350 3239 conscribens:
1394 3176 1516 3240 vid.
1559 3175 1638 3239 X.
1680 3176 2076 3258 Ἀντιλογιῶν
2118 3172 2256 3245 δύο.

1439 3356 1593 3420 VIII.

846 3511 1028 3619 Περὶ
1075 3517 1201 3596 τῆς
1248 3516 1325 3586 ἐν
1378 3504 1579 3612 ἀρχῇ
1628 3511 2178 3594 καταστάσεως.

595 3693 778 3757 Cuius
835 3691 1245 3773 inscriptionis
1260 3690 1324 3753 *a
1361 3690 1601 3753 Laertio
1657 3698 1882 3755 tantum
1921 3692 2024 3755 lib.
2070 3691 2170 3753 IX.
2222 3702 2279 3771 ς.
2324 3692 2423 3755 55.
2464 3708 2608 3753 ser-

434 3805 611 3862 vatae
678 3801 1035 3863 sententiam
1102 3799 1204 3860 alii
1268 3798 1442 3860 aliter
1504 3799 1905 3879 explicavere.
2011 3799 2206 3881 Atque
2270 3798 2610 3861 Herbstium

433 3915 620 3985 certe,
663 3908 766 3987 qui
804 3925 943 3989 pag.
992 3907 1130 3974 148.
1178 3905 1654 3970 Wernsdorfium
1703 3915 1938 3983 (annot.
1984 3908 2061 3970 ad
2106 3908 2260 3976 Him.
2304 3909 2409 3970 Or.
2458 3907 2616 3970 XXI.

437 4022 495 4090 ς.
520 4016 652 4092 10.)
676 4021 919 4079 secutus
944 4015 1179 4096 „Ueber
1205 4015 1303 4078 die
1325 4016 1782 4098 urspriingliche
1808 4015 2289 4079 Beschaffenheit
2307 4015 2415 4077 der
2429 4015 2624 4077 Welt“

434 4126 857 4204 interpretatus
914 4130 1049 4202 est,
1110 4140 1352 4186 errasse
1417 4124 1693 4187 arbitror.
1776 4124 1921 4186 Nam
1969 4125 2102 4205 ipso
2147 4124 2408 4187 Platonis
2448 4123 2612 4197 loco,

437 4250 613 4314 quem
653 4248 731 4292 ex
772 4233 894 4295 hoc
933 4231 1088 4295 libro
1132 4233 1405 4294 haustum
1447 4232 1569 4311 ait,
1629 4250 1838 4295 verum
1883 4233 2129 4296 edoceri
2187 4238 2442 4314 poterat.
2491 4232 2620 4295 Re-

354 4332 357 4339 *
436 4340 589 4404 ctius
627 4346 771 4421 puto
811 4340 1005 4402 sensit
1045 4338 1321 4418 Geelius,
1380 4340 1480 4420 qui
1522 4357 1601 4402 ex
1643 4339 1886 4420 politico
1931 4358 2159 4422 genere
2212 4339 2424 4403 librum
2470 4339 2617 4402 dicit
