2975 4959
1283 289 1832 357 -156-

469 472 765 554 Hippiae:
818 489 940 559 quo
994 473 1172 535 etiam
1228 471 1447 534 factum
1501 473 1625 550 sit,
1682 479 1784 550 ut,
1837 490 1977 534 cum
2036 473 2281 552 insuper
2332 472 2660 537 infirmiore

468 580 650 643 fuerit
692 579 788 642 ille
838 579 1215 655 valetudine,
1281 587 1386 642 aut
1438 580 1602 643 domi
1644 596 1793 642 suae
1834 579 2162 660 discipulos
2201 580 2511 644 instituere
2554 588 2659 644 aut

466 689 725 769 scriptas
770 690 1031 751 recitare
1074 689 1609 751 commentationes
1652 687 1873 766 mallet,
1916 706 2093 770 quam
2136 690 2267 769 ipse
2310 707 2405 765 se,
2443 696 2507 751 ut
2544 707 2655 751 ce-

470 797 588 858 teri
648 796 958 876 sophistae
987 841 1006 873 ,
1068 796 1126 858 in
1185 797 1480 877 publicum
1546 796 1837 877 proferre.
1936 797 2306 878 Protagorae
2360 796 2664 858 valetudi-

468 918 605 966 rrem
679 904 971 967 infirmam
1040 904 1226 967 fuisse
1303 903 1547 967 Geelius
1616 905 1756 966 inde
1830 903 2105 986 colligit,
2177 905 2426 984 primum
2495 903 2657 984 quod

472 1011 894 1093 Hippocratem
961 1028 1191 1074 summo
1256 1011 1563 1073 desiderio
1623 1011 2010 1093 Protagoram
2069 1012 2474 1074 conveniendi
2538 1029 2659 1093 ge-

437 1123 748 1184 'stientem
810 1121 1143 1202 reprimens
1204 1122 1488 1183 Socrates
1536 1127 1621 1182 .ut
1679 1121 1755 1183 ad
1814 1122 2008 1182 lucem
2065 1127 2308 1184 maneat
2357 1120 2654 1183 hortatur:

467 1229 814 1310 plerumque
857 1231 1014 1291 enim
1065 1229 1450 1310 Protagoram
1497 1230 1657 1291 domi
1702 1246 1876 1306 esse,
1935 1237 2002 1292 ut
2041 1237 2207 1293 certe
2254 1247 2386 1291 eum
2423 1230 2658 1310 depre-

467 1339 714 1401 hensuri
781 1339 940 1415 sint3
1024 1337 1287 1416 deinde,
1362 1339 1522 1419 quod
1586 1336 1845 1400 libellum
1914 1335 2065 1418 περὶ
2130 1338 2300 1400 θεῶν
2371 1339 2657 1417 scriptum
2773 1414 2782 1418 ὁ

464 1459 601 1508 non*
629 1448 785 1527 ipse,
834 1447 944 1509 sed
995 1445 1267 1526 discipuli
1314 1445 1623 1507 cuiusdam
1674 1463 1828 1507 voce
1875 1462 2020 1509 usus
2064 1447 2355 1507 recitasse
2400 1446 2653 1506 dicatur.

462 1578 567 1631 .·-'
595 1555 670 1617 Ut
727 1556 804 1617 ab
846 1555 1051 1617 ultimo
1098 1554 1416 1634 incipiam,
1479 1571 1685 1633 parum
1749 1553 1824 1615 de
1884 1553 2001 1615 hac
2067 1572 2135 1615 re
2194 1554 2350 1615 inter
2406 1542 2649 1615 'veteres

464 1666 796 1744 scriptores
834 1669 1106 1739 constat,
1162 1680 1336 1742 quam
1381 1668 1446 1724 ut
1488 1663 1632 1725 inde
1671 1665 1823 1724 certi
1869 1663 2183 1742 quiequam
2231 1661 2388 1724 effici
2427 1669 2655 1742 possit:

463 1773 595 1851 ipse
623 1771 929 1852 Diogenes
972 1770 1213 1832 diversa
1256 1768 1430 1831 affert
1469 1776 1779 1832 auctorum
1821 1769 2179 1833 testimonia.
2236 1769 2357 1834 Sed
2399 1776 2465 1832 ut
2511 1770 2653 1833 fue-

463 1881 545 1942 rit
588 1897 791 1941 verum
822 1924 841 1956 ,
881 1880 1014 1960 quis
1060 1897 1300 1941 eausam
1341 1880 1689 1958 perspicere
1726 1880 1955 1959 possit,
1998 1896 2107 1940 cur
2147 1895 2271 1940 non
2316 1878 2445 1959 ipse
2486 1879 2655 1939 reci-

462 1988 628 2075 tandi
669 1994 870 2068 partes
912 1988 1291 2067 susceperit?
1343 1987 1472 2048 Nec
1519 1989 1764 2067 gravius
1806 1987 2055 2050 alterum
2095 1994 2189 2049 est
2220 1994 2653 2069 argumentum,

463 2096 624 2177 quod
667 2115 702 2158 e
744 2098 1013 2159 Socratis
1056 2096 1256 2158 verbis
1302 2095 1453 2157 Prot.
1501 2112 1639 2177 pag.
1667 2096 1808 2158 311.
1836 2098 1891 2158 A
1922 2095 2160 2159 Geelius
2204 2098 2420 2176 repetit
2446 2095 2657 2157 hisce:

461 2204 696 2285 Μήπω,
722 2196 775 2265 ὦ
798 2206 998 2284 ’γαθεᾌ
1033 2205 1230 2266 ἐκεῖσε
1253 2200 1468 2279 ἴωμεν,
1489 2204 1622 2288 πρῴ
1646 2203 1765 2284 γάρ
1796 2200 1987 2267 ἐστιν·
2020 2200 2182 2264 ἀλλὰ
2211 2206 2405 2283 δεῦρο
2436 2206 2657 2279 ἐξανα-

462 2315 710 2390 σταῖμεν
750 2312 838 2384 εἰς
880 2311 995 2391 τὴν
1039 2308 1240 2391 αὐλήν
1280 2309 1388 2372 καί
1427 2308 1777 2390 περιιόντες
1810 2309 2008 2375 αὐτοῦ
2034 2311 2491 2390 διατρίψωμεν,
2537 2309 2655 2385 ἕως

462 2400 715 2501 ἄνκφῶς
755 2419 1028 2498 γένηται·
1083 2411 1215 2480 εἶτα
1239 2414 1450 2495 ἴωμεν·
1524 2415 1633 2478 καί
1669 2413 1787 2497 γὰρ
1834 2415 1912 2480 τοὶ
1962 2415 2156 2479 πολλὰ
2207 2413 2652 2499 Πρωταγόρας

463 2521 644 2587 ἔνδον
664 2526 995 2604 διατρίβει,
1023 2518 1207 2602 ὥστε,
1235 2524 1494 2604 θάρρει,
1527 2520 2031 2607 καταληψόμεθα
2067 2522 2264 2587 αὐτὸν
2287 2521 2370 2599 ὥς
2393 2525 2464 2586 τὸ
2493 2525 2661 2598 εἰκὸς

471 2630 673 2694 ἔνδον.
733 2633 851 2695 Sed
879 2633 1020 2693 nolo
1066 2650 1186 2713 ego
1230 2632 1443 2694 multus
1474 2651 1614 2694 esse
1658 2633 1715 2694 in
1764 2631 2110 2694 refellendis
2147 2634 2511 2714 argumentis
2554 2650 2662 2712 pro

469 2738 570 2801 tali
616 2742 912 2803 sententia
960 2740 1169 2817 allatiS,
1210 2740 1286 2800 de
1327 2757 1440 2819 qua
1486 2747 1701 2801 auctor
1743 2740 1872 2820 ipse
1916 2741 1996 2801 ita
2043 2740 2295 2802 iudicat:
2342 2740 2495 2819 „Sed
2538 2740 2655 2803 hoc

470 2866 592 2909 non
637 2848 752 2910 nisi
795 2851 1186 2911 coniecturae
1227 2852 1474 2928 eiusque
1522 2848 1864 2911 levissimae
1891 2851 2008 2910 vim
2037 2867 2111 2910 ac
2153 2848 2385 2929 pondus
2426 2848 2658 2911 habet.“

475 2956 609 3017 Vid.
653 2957 893 3018 Geelius
929 2974 1066 3038 pag.
1108 2958 1210 3019 80.
1255 2991 1340 3003 -
1386 2957 1559 3029 Quod
1615 2973 1764 3017 vero
1826 2956 1902 3018 ad
1962 2959 2239 3039 exiguam
2295 2952 2658 3039 Protagorae

470 3066 673 3141 subito
716 3065 956 3127 dicendi
1005 3065 1382 3140 facultatem,
1431 3066 1508 3126 de
1553 3083 1667 3146 qua
1713 3082 1873 3126 nunc
1913 3068 2144 3148 agitur,
2189 3067 2427 3144 attinet,
2477 3069 2655 3128 immo
2741 3126 2762 3145 s

472 3190 649 3252 quam
697 3174 955 3235 maxime
1003 3190 1074 3233 ea
1140 3174 1402 3233 valuisse
1463 3172 1622 3234 illum
1668 3172 1828 3233 Plato
1878 3172 2357 3236 manifestissime
2414 3176 2656 3235 indicat.

469 3281 592 3342 lam
620 3285 821 3361 primo
834 3280 1116 3359 colloquii
1142 3281 1309 3342 initio
1334 3291 1502 3361 (pag.
1524 3280 1666 3342 316.
1691 3281 1766 3356 C)
1785 3282 2092 3344 Socratem
2112 3301 2448 3363 novumque
2476 3283 2657 3342 disci-

470 3392 665 3472 pulum
692 3390 876 3471 longa
905 3392 1179 3451 oratione
1204 3391 1450 3469 excipit,
1497 3408 1611 3470 qua
1641 3390 1716 3450 de
1747 3390 2408 3470 priorumsaeculorum
2443 3391 2655 3469 sophi-

467 3502 580 3561 stis
629 3498 906 3579 disputat.
991 3499 1226 3560 Deinde
1272 3499 1538 3561 Socratis
1577 3499 2003 3560 dubitationem
2053 3500 2129 3561 de
2167 3502 2384 3561 virtute
2433 3506 2654 3561 motam

471 3624 614 3669 num
669 3607 877 3669 doceri
931 3609 1144 3685 possit,
1186 3606 1385 3668 subito
1418 3607 1693 3666 oratione
1725 3623 1847 3667 uno
1883 3613 2098 3669 tenore
2140 3605 2323 3687 longe
2364 3605 2653 3686 producta

466 3731 665 3795 eaque
691 3715 860 3776 vario
890 3714 1073 3775 modo
1102 3721 1391 3775 exornata
1422 3714 1703 3781 refellere
1736 3722 2009 3789 conatur,
2048 3714 2229 3777 modo
2272 3712 2435 3802 λόγῳ
2456 3722 2654 3792 utenS,

472 3823 659 3886 modo
682 3821 874 3907 μύθῳ
896 3831 1065 3902 (pag.
1087 3823 1229 3884 320.
1251 3821 1293 3883 C
1317 3829 1375 3883 et
1394 3840 1451 3901 q.
1477 3834 1703 3903 seqq.).
1737 3824 1865 3897 Qua
1892 3823 2169 3885 facultate
2189 3823 2320 3885 eius
2344 3825 2651 3885 orationes

466 3930 628 3997 haud
661 3930 976 3991 meditatas
1002 3929 1289 3991 fundendi
1318 3931 1486 4009 quasi
1516 3918 1826 3992 attonitum
1864 3931 1962 3993 diu
1992 3949 2061 3993 se
2087 3933 2349 3995 astitisse
2367 3933 2653 3994 Socrates

467 4039 556 4105 ait
577 4055 712 4120 pag.
737 4037 881 4100 328.
905 4039 951 4099 D
986 4039 1174 4100 oculis
1200 4042 1257 4099 in
1290 4040 1475 4099 virum
1507 4038 1716 4100 defixis
1744 4057 2048 4121 aegreque
2070 4046 2330 4102 mentem
2361 4041 2653 4120 collegis-

469 4167 561 4215 se.
610 4151 806 4228 Atque
851 4149 942 4208 isti
988 4155 1290 4210 oratorum
1331 4148 1775 4224 consuetudini,
1822 4166 1935 4228 qua
1975 4148 2361 4230 longissimas
2411 4148 2649 4229 quidem

468 4259 781 4323 orationes
849 4264 1093 4317 nectere
1155 4258 1424 4336 possint,
1485 4257 1592 4317 sed
1641 4258 1990 4338 interrogati
2036 4258 2198 4339 quod
2242 4256 2653 4338 respondeant

472 4384 595 4434 non
644 4366 925 4442 habeant,
962 4364 1123 4427 Plato
1166 4364 1376 4429 irridet
1418 4365 1575 4427 Prot.
1623 4383 1760 4447 pag.
1802 4365 1944 4434 328.
1987 4366 2068 4430 E:
2110 4367 2249 4430 Kal
2285 4364 2407 4447 γάρ
2455 4365 2514 4428 εἰ
2537 4367 2654 4443 μέν
