2975 4959
1312 275 1795 347 ...93-

634 464 809 544 Περὶ
844 463 961 543 μὲν
1013 463 1174 526 θεῶν
1220 462 1336 526 οὐκ
1382 459 1513 545 ἔχω
1560 465 1794 527 εἰδέναι
1841 456 1984 526 οὔτε
2031 462 2119 538 ὥς
2160 464 2319 528 εἰσὶν
2360 454 2504 529 οὔτε
2550 440 2638 539 ὥς

469 571 585 634 οώι
626 571 802 633 εἰσίν.
887 567 1087 632 πολλοὶ
1127 571 1244 651 γὰρ
1288 570 1361 634 τοὶ
1401 569 1721 634 κωλύοντα
1763 571 2035 635 εἰδέναι·
2122 566 2162 654 ἧ
2216 594 2286 635 τε
2330 571 2639 657 ἀδηλότης
2763 572 2770 581 ’

470 677 582 741 καί
615 675 870 758 βραχΰς
915 669 1001 740 ‹Bv
1043 672 1077 738 ὃ
1119 681 1256 758 βιός
1293 682 1410 741 τοῦ
1451 677 1818 757 ἀνθρώπου.

471 785 618 849 Nam
683 785 993 847 Ciceronis
1053 794 1215 866 (cap.
1255 786 1382 848 Xll.
1430 795 1486 864 §.
1531 786 1703 861 29.)‚
1762 785 2021 863 Valerii,
2076 786 2385 865 Timonis,
2451 787 2637 864 Sexti,

472 894 754 971 Eusebii‚
810 894 1207 976 Theodoreti‚
1273 894 1583 975 Theophili
1642 895 2154 972 testimoniorum,
2209 897 2421 975 quibus
2465 897 2664 958 etiam·

470 1002 680 1079 quales
725 1000 820 1063 dei
861 1009 1065 1064 essent
1086 1019 1155 1064 se
1186 1004 1422 1065 nescire
1445 1004 1809 1083 Protagoras
1850 1003 2017 1064 initio
2058 1001 2194 1064 libri
2233 1003 2326 1065 sui
2370 1004 2646 1083 posuisse

471 1110 722 1189 dicitur,
777 1128 852 1172 ea
893 1117 985 1172 est
1024 1110 1333 1189 conditio,
1390 1117 1455 1174 ut
1505 1129 1584 1173 ex
1630 1128 1751 1173 uno
1795 1118 2042 1174 auctore
2086 1110 2283 1193 aliquo
2334 1111 2644 1192 depromta

467 1236 606 1282 esse
649 1219 1143 1300 videantur,·qui,
1180 1220 1689 1302 utProtagoreum
1738 1220 2016 1300 placitum
2059 1220 2380 1300 suppleret,
2416 1221 2493 1283 de
2529 1237 2641 1283 suo

467 1327 567 1391 illa
615 1328 956 1392 addiderit:
1019 1347 1351 1410 quanquam
1395 1348 1473 1391 ex
1511 1330 1821 1409 sophistae
1869 1330 2021 1392 libro
2065 1330 2243 1392 talem
2287 1330 2642 1392 sententiam

466 1440 659 1519 repeti
703 1441 970 1517 potuisse
1025 1456 1148 1500 non
1198 1457 1434 1519 negem.
1521 1439 1716 1519 Atque
1775 1439 1952 1500 etiam
1998 1437 2250 1518 Cicero,
2307 1437 2408 1500 ubi
2459 1439 2645 1518 ipsius

463 1547 648 1608 verba
695 1547 937 1609 exhibet
982 1559 1147 1626 (cap.
1172 1545 1357 1608 xxn.
1403 1552 1454 1620 ς.
1486 1545 1640 1625 63.),
1689 1564 1822 1607 cum
1871 1546 2145 1628 Diogene
2184 1563 2433 1627 prorsus
2481 1563 2641 1607 con-

464 1656 642 1735 gruit.
731 1655 930 1716 Ceteri
975 1662 1168 1716 autem
1206 1653 1348 1732 loci,
1395 1655 1608 1734 quibus
1649 1655 2015 1735 Protagorae
2064 1654 2139 1716 de
2184 1654 2315 1717 deis
2356 1655 2642 1717 dubitatio

465 1769 1015 1840 commemoratur,
1065 1762 1139 1824 ad
1184 1762 1370 1842 ipsius
1414 1763 1600 1825 verba
1644 1763 2073 1843 cognoscenda
2118 1762 2262 1825 nihil
2305 1763 2642 1826 conferunt.

460 1869 578 1932 los,
630 1887 686 1930 c-
730 1869 989 1950 Ap.·lib.
1032 1868 1101 1931 Π.
1147 1887 1279 1951 cap.
1327 1870 1451 1932 37:
1499 1868 1639 1937 ‚Kal
1677 1866 2139 1950 Πρωταγόρας,
2187 1869 2248 1933 εἰ
2282 1868 2371 1951 μή
2413 1873 2648 1934 θᾶττον

464 1974 684 2062 ἔφυγε,
732 1976 1119 2062 συλληφθεὶς
1162 1970 1243 2042 ὃν
1286 1975 1650 2061 ἐτεθνήκει,
1696 1975 1944 2060 γράψαι
1986 2001 2044 2041 τι
2084 1978 2270 2054 δόξας
2313 1972 2449 2059 οὐχ*
2495 1975 2650 2058 ὄμο-

462 2064 837 2166 λόγούμενον
900 2092 1025 2160 τοῖς
1083 2086 1456 2169 ’.Αθηναώις
1516 2087 1665 2167 περὶ
1719 2088 1910 2149 θεῶν.
2009 2085 2164 2148 Max.
2226 2087 2361 2167 Tyr.
2408 2087 2555 2150 diss·
2600 2086 2642 2151 Ι.

460 2192 709 2269 (xvlt.)
771 2211 901 2273 cap.
947 2195 1027 2257 5:
1066 2230 1151 2242 -
1221 2186 1364 2257 Κᾶν
1426 2193 1672 2279 α’γγοεῖν
1725 2216 1789 2255 τι
1832 2196 1994 2278 φῇς,
2059 2189 2145 2267 αἷς
2187 2194 2645 2275 Πρωταγόρας.

464 2301 736 2364 Philostr.
801 2304 924 2364 vita
966 2303 1209 2383 Protag.
1272 2301 1368 2363 ed.
1431 2302 1682 2382 Kayser.
1726 2319 1860 2383 pag.
1914 2292 2041 2364 15:'
2096 2297 2180 2367 Τὸ
2246 2304 2317 2364 δὲ
2386 2302 2644 2382 αἠορεῖν

340 2470 346 2483 ,
463 2405 731 2490 φάσκειν
775 2406 898 2472 εἴτε
946 2407 1071 2470 εἰσί
1111 2410 1259 2470 θεοῖ
1310 2405 1435 2471 εἴτε
1504 2411 1617 2471 οὐκ
1671 2411 1797 2473 εἰσί
1842 2411 2020 2470 δοκεῖ
2049 2431 2155 2489 μοι
2200 2408 2648 2489 Πρωταγόρας

464 2518 533 2578 ἐκ
575 2520 684 2597 τῆς
724 2519 1048 2596 Περσικῆς
1093 2514 1487 2589 παιδεύσεως
1531 2522 2001 2598 παρανομῆσαι.
2043 2517 2255 2580 Minue.
2287 2517 2406 2579 Fel.
2433 2518 2645 2578 Octav.

468 2642 596 2704 cap.
642 2624 803 2686 Vlll:
855 2625 1033 2702 „Cum
1075 2623 1424 2687 Abderitem
1466 2626 1855 2706 Protagoram
1881 2627 2283 2709 Athenienses
2328 2626 2442 2688 viri
2487 2643 2645 2687 con-

464 2734 618 2819 sulte
663 2735 856 2814 potius
903 2751 1077 2813 qnam
1123 2733 1372 2814 profane
1432 2734 1508 2796 de
1565 2734 1871 2798 divinitate
1915 2736 2309 2816 disputantem
2357 2742 2418 2796 et
2455 2752 2652 2814 expu-

464 2843 650 2906 lerint
686 2843 811 2904 suis
855 2842 1068 2904 finibus
1112 2849 1172 2904 et
1210 2843 1272 2903 in
1321 2845 1618 2905 concione
1680 2844 1811 2905 eius
1872 2845 2094 2924 scripta
2153 2844 2523 2905 deusserint“
2585 2849 2648 2904 et

465 2969 522 3031 q.
572 2969 740 3033 seqq.
824 2950 1089 3012 Lactant.
1137 2950 1213 3012 Ir.
1256 2952 1366 3012 De.
1407 2969 1534 3029 cap.
1583 2952 1698 3013 lX:
1742 2953 2001 3030 „Primus
2050 2953 2310 3014 omnium
2339 2951 2647 3031 *Protago-

467 3076 571 3121 ras
616 3059 847 3120 exstitit
887 3059 1253 3137 temporibus
1295 3060 1600 3136 Socratis,
1657 3062 1756 3139 qui
1800 3060 1915 3121 sibi
1961 3060 2191 3122 diceret
2234 3076 2355 3121 non
2402 3060 2652 3139 liquere,

464 3173 658 3228 utrum
719 3171 883 3227 esset
951 3165 1149 3245 aliqua
1211 3165 1488 3228 divinitas
1549 3174 1803 3228 necne.“
1904 3168 1987 3230 ld.
2046 3168 2197 3230 Fals.
2260 3168 2388 3230 Rel.
2451 3167 2551 3230 lib.
2599 3167 2645 3229 1.

468 3290 599 3354 cap.
648 3276 723 3336 2:
771 3272 1190 3354 „ProtagoraS,
1232 3274 1330 3354 qui
1374 3274 1524 3337 deos
1559 3277 1620 3336 in
1668 3276 1907 3338 dubium
1951 3279 2225 3339 vocavit“
2270 3281 2330 3338 et
2375 3295 2432 3358 q.
2476 3286 2644 3357 seqq.

464 3380 668 3463 cyrill.
715 3399 767 3448 c,
812 3381 915 3444 lul.
958 3381 1065 3444 lib.
1111 3381 1204 3444 Vl.
1248 3380 1386 3463 p'ag.
1437 3384 1573 3446 189.
1615 3384 1704 3446 D:
1748 3380 2155 3468 Πρωταγόρᾳ
2199 3384 2269 3447 δὲ
2302 3378 2651 3466 γεγραφότι

467 3490 616 3571 περὶ
654 3491 866 3569 θεῶν,
935 3485 979 3553 ἃ
1015 3487 1103 3573 μὴ
1150 3498 1277 3565 τοῖς
1320 3483 1859 3572 ἀκροωμένοις-εὖ
1902 3487 2074 3571 ἔχειν
2114 3488 2308 3554 ἐδόκει
2337 3536 2355 3569 ,
2418 3492 2650 3553 δυσσε-

467 3601 643 3679 βείας
687 3598 918 3680 ἐπῆγον
955 3593 1212 3681 γραφήν
1240 3622 1254 3638 ·
1335 3601 1570 3677 μικροῦ
1614 3600 1724 3660 καί
1764 3595 2094 3677 διόλωλεν,
2158 3600 2220 3660 εἰ
2254 3598 2341 3679 μῆ
2388 3600 2650 3683 φθάσας

469 3698 664 3789 ᾤχετο
713 3703 871 3785 πρὸς
924 3700 1177 3790 ἑτέρους
1205 3687 1337 3785 ’τὴν
1370 3703 1681 3791 Ἑλλήνων
1746 3704 1934 3788 ἀφείς
1980 3716 2133 3785 (quo
2178 3707 2253 3767 de
2295 3707 2434 3770 loco
2492 3706 2653 3771 conf.

471 3814 681 3875 Meteri
723 3813 936 3893 disput.
1001 3814 1079 3876 de
1120 3813 1387 3893 Diagora
1443 3813 1679 3876 Erscbii
1737 3821 1798 3876 et
1843 3815 2097 3877 Gruberi
2136 3814 2464 3898 Encyclop.
2512 3820 2650 3898 pag'.

469 3921 612 3983 447.
658 3928 862 3983 annot.
903 3923 1017 3998 5.).
1106 3920 1312 3984 loann.
1363 3921 1673 4002 Chrysost.
1716 3923 1779 3984 in
1828 3922 1987 3985 Pauli
2029 3940 2122 4003 ep.
2172 3923 2250 3985 ad
2294 3924 2559 3987 Corinth.
2604 3922 2670 3985 1.

469 4028 629 4091 hom.
677 4028 773 4090 lV.
819 4046 946 4109 cap.
996 4031 1072 4092 5:
1142 4031 1283 4092 Καὶ
1314 4026 1439 4110 γὰρ
1484 4029 1929 4110 Πρωταγόρας
1986 4034 2137 4113 παρ’
2181 4031 2394 4104 αὐτοῖς
2435 4027 2654 4113 ἐπειδὴ

467 4134 811 4218 ἐτόλμησεν
870 4137 1101 4218 εἰπεῖν,
1164 4130 1266 4198 ὅτι
1325 4136 1438 4198 ουίι
1496 4129 1637 4198 οἶδα
1703 4137 1935 4219 θεούς,
2002 4138 2079 4199 ου’
2128 4137 2237 4218 τήν
2295 4139 2658 4219 οἰκουμένην

467 4244 732 4326 περιιών
770 4242 880 4307 καί
926 4241 1267 4327 κηρύττων,
1316 4243 1454 4307 ἀλλ’
1497 4245 1565 4307 ἐν
1601 4245 1717 4329 μιᾷ
1762 4242 1942 4306 πόλει
1984 4249 2129 4325 περὶ
2169 4242 2455 4327 ἐσχάτων
2495 4241 2658 4307 ἐκιν-

464 4354 788 4419 δύνευσεν.
876 4353 1103 4418 Nimius
1141 4360 1233 4415 est
1281 4352 1583 4429 Galenus,
1627 4353 1722 4414 cui
1766 4352 2003 4432 quidem
2049 4355 2201 4417 liber
2243 4355 2535 4434 tribuitur,
2579 4352 2658 4419 de
