2975 4959
1232 284 1789 355 r--150—

430 478 743 537 tractatum
765 472 860 534 vel
890 471 1202 549 discipulis
1227 477 1289 535 ut
1308 477 1637 535 tractarent
1658 470 2045 555 propositum.
2086 468 2415 552 Protagora
2440 476 2611 532 certe

423 583 600 646 talem
644 582 807 644 litem
851 580 1212 644 walcherus
1254 598 1392 663 pag.
1437 582 1536 644 28.
1582 587 1786 645 annot.
1813 582 1913 645 70.
1963 580 2185 661 optimo
2228 581 2362 642 iure
2399 583 2611 640 censet

421 690 770 773 indignam:
816 706 990 770 quam
1036 692 1112 752 ab
1161 689 1316 753 illius
1359 692 1600 753 ratione
1642 706 1888 770 prorsus
1933 688 2263 752 abhorrere
2294 704 2429 768 pag.
2468 685 2604 749 165.

419 806 481 861 et
528 799 667 862 166.
715 798 1239 862 demonstrabitur.
1286 799 1377 862 De
1401 798 1559 862 libro
1579 798 1967 882 Protagorae,
2006 798 2104 878 qui
2146 798 2377 879 aDiog.
2401 796 2602 859 Laert.

415 907 518 971 lib.
545 906 647 970 IX.
675 916 731 985 §.
751 908 853 970 55.
873 909 1213 970 nominatur
1226 909 1291 971 A
1301 894 1497 990 txq'v‘
1515 908 1658 989 πὲρ
1689 932 1737 986 μ
1758 909 1945 969 ισθο
1966 907 2028 983 ὖ,
2067 904 2225 968 infra
2249 905 2601 967 disseretur.

577 1015 835 1078 Dicendi
878 1014 1204 1079 sollertiam
1246 1022 1310 1079 ut
1350 1033 1486 1078 cum
1529 1015 1833 1095 discipulis
1884 1015 2402 1092 communicaret,
2463 1030 2601 1075 cum

409 1121 785 1187 institutione
832 1123 1101 1205 quadam,
1128 1141 1304 1204 quam
1353 1123 1607 1186 dicimus
1651 1123 2046 1187 theoreticam
2090 1121 2301 1184 multas
2337 1120 2601 1183 coniun-

408 1232 597 1312 gebat
656 1232 1150 1295 exercitationes,
1234 1231 1383 1294 Nam
1439 1230 1585 1293 nibil
1639 1247 1780 1293 esse
1839 1229 2046 1294 dicere
2104 1228 2341 1292 solebat
2399 1244 2597 1308 neque

410 1344 600 1400 artem
639 1338 774 1401 sine
814 1340 1256 1402 exercitatione
1312 1356 1511 1419 neque
1555 1340 2049 1401 exercitationem
2095 1339 2229 1401 sine
2268 1334 2397 1399 artb
2438 1333 2595 1412 (vid.

411 1462 553 1526 pag.
580 1444 772 1521 1693.
820 1445 907 1508 lta
937 1446 1298 1510 sententiam
1326 1445 1584 1526 aliquam
1630 1444 1935 1527 discipulis
1976 1446 2373 1527 proponebat,
2418 1460 2596 1524 quam

406 1552 710 1633 colloquio
733 1555 998 1617 instituto
1020 1555 1197 1631 alteri
1214 1556 1644 1616 confirmarent
1668 1572 1742 1615 ac
1765 1554 2180 1630 defenderent,
2200 1552 2371 1614 alteri
2396 1552 2596 1631 impu-

330 1646 347 1659 ’
404 1669 666 1743 gnarent
708 1669 769 1725 ct
806 1661 1170 1726 refellerent.
1231 1662 1446 1726 Suidas
1476 1683 1536 1724 v.
1560 1662 2016 1743 Πρωταγόρας·
2065 1663 2344 1740 Πρῶτος
2390 1661 2459 1723 δὲ
2482 1648 2596 1721 οὖ-

406 1790 510 1841 τος
552 1765 699 1842 τούς
738 1765 1090 1849 ἐριστικοὺς
1120 1770 1341 1851 λόγους
1391 1760 1542 1853 εὗρε
1585 1765 1697 1832 ude*
1738 1768 1950 1851 α’γῶνα
1993 1765 2194 1850 λόγων
2239 1764 2603 1850 ἐποιήσατο,

413 1876 577 1959 quod
596 1882 690 1939 cst
713 1895 792 1939 ex
818 1878 995 1959 Diog.
1018 1878 1120 1941 lib.
1145 1878 1247 1941 IX.
1278 1888 1331 1955 ς.
1359 1881 1462 1942 52.
1501 1878 1621 1942 Cfr.
1645 1878 1916 1941 Eudocia
1937 1877 1973 1939 l.
1998 1877 2035 1939 l.
2062 1885 2124 1939 et
2146 1876 2338 1939 schol.
2365 1876 2439 1938 ad
2457 1876 2601 1939 Plat.

402 1983 577 2065 Reip.
602 1985 704 2048 lib.
720 1984 796 2047 X.
824 2004 962 2068 pag.
983 1987 1125 2051 600.
1154 1986 1218 2048 C.
1261 1988 1488 2062 Quibus
1511 1988 1572 2049 in
1598 1987 2131 2048 exercitationibus
2155 1978 2408 2067 magnus
2451 2001 2595 2047 usus

370 2088 536 2159 'erat
576 2094 652 2156 tb
683 2111 768 2158 es
787 2113 823 2157 e
844 2113 881 2158 o
902 2114 963 2174 n,
1008 2099 1437 2160 sententiarum
1458 2097 1905 2173 universalium,
1932 2096 2007 2157 de
2038 2096 2251 2176 quibus
2275 2097 2335 2157 in
2362 2101 2592 2158 utram-

403 2219 523 2285 que
591 2209 820 2284 partem
886 2205 1173 2287 disputari
1237 2212 1485 2286 possetz
1555 2207 1737 2288 Diog.
1801 2206 2001 2269 Laert.
2057 2205 2159 2271 lib.
2200 2204 2302 2266 ΙΧ.
2365 2206 2422 2290 ξ.
2464 2203 2589 2265 53:

402 2310 548 2395 1(ᾳί
586 2315 837 2394 πρῶτος
877 2317 1188 2390 κατέδειξε
1226 2312 1342 2387 τὰς
1387 2313 1546 2396 πρὸς
1588 2311 1703 2390 τοὶς
1739 2315 1952 2386 θέσεις
2003 2310 2466 2396 ἐπιχειρήσεις,
2506 2304 2595 2385 ὥς

400 2441 602 2502 φησιν
651 2418 1115 2509 Ἀρτεμιδωρος
1170 2415 1203 2482 ὅ
1259 2420 1653 2495 διαλεκτικὸς
1711 2422 1778 2483 ἐν
1837 2421 1923 2505 τῷ
1977 2419 2133 2502 πρὸς
2189 2417 2604 2502 Χρύσιππον.·

398 2527 494 2591 De
536 2526 804 2591 thesibus
845 2529 1006 2595 conf.
1070 2530 1195 2597 Cic.
1249 2530 1397 2610 Top.
1443 2548 1574 2610 cap.
1619 2530 1777 2592 XXI.
1834 2537 1894 2606 s.
1941 2529 2056 2592 79:
2111 2530 2589 2617 „Quaestionum

403 2635 525 2700 duo
571 2644 709 2700 sunt
748 2654 1021 2719 genera,
1067 2626 1317 2701 alterum
1358 2628 1669 2717 inlinitum,
1714 2638 2016 2701 definitum
2061 2638 2331 2703 alterum.
2415 2637 2588 2701 Defi-

398 2745 587 2811 nitum
632 2753 743 2825 est,
784 2747 944 2827 quod
991 2745 1301 2812 ὖπόθεσιν
1323 2748 1562 2826 Graeci,
1606 2764 1719 2809 nos
1744 2765 2026 2810 causam=
2071 2748 2379 2826 infinitum,
2424 2747 2586 2828 quod

396 2853 581 2919 θέσιν
619 2847 701 2917 illi
743 2856 1060 2935 appellant,
1104 2872 1219 2918 nos
1263 2858 1636 2936 propositum
1661 2873 1977 2935 possumus
2002 2857 2332 2918 nominare.
2388 2854 2584 2918 Causa

404 2963 588 3024 certis
627 2966 929 3042 personiS,
969 2964 1145 3044 lociS‚
1189 2965 1579 3045 temporibuS,
1624 2966 1979 3042 actionibus,
2020 2964 2281 3045 negotiis
2327 2966 2591 3031 cernitur

405 3077 507 3131 aut
551 3071 613 3131 in
657 3073 934 3133 omnibus
983 3079 1084 3133 aut
1130 3075 1191 3133 in
1226 3068 1528 3152 plerisque
1576 3090 1824 3134 eorum:
1868 3074 2236 3153 propositum
2287 3080 2481 3136 autem
2513 3074 2587 3146 ,in

401 3178 599 3274 aliquo
647 3196 856 3242 eorum
899 3187 1000 3256 aut
1059 3182 1121 3242 in
1165 3181 1476 3261 pluribus,
1534 3199 1652 3242 nec
1709 3188 1905 3243 tamen
1969 3182 2026 3242 in
2086 3183 2378 3244 maximis.
2463 3181 2590 3244 lta-

400 3302 523 3369 que
591 3271 960 3369 propositum
1022 3306 1162 3369 pars
1224 3295 1319 3350 est
1381 3295 1664 3351 causae.“
1762 3289 1952 3363 Quem
2011 3290 2090 3351 ad
2140 3290 2337 3352 locum
2389 3290 2590 3371 respi-

403 3397 488 3460 cit
558 3396 801 3470 Quintil.
859 3395 960 3458 lib.
1004 3394 1099 3458 111.
1169 3412 1299 3475 cap.
1342 3395 1410 3457 V.
1478 3405 1532 3472 §.
1576 3398 1657 3458 5:
1740 3395 1916 3476 „Item
1980 3400 2312 3473 convenit,
2393 3414 2588 3479 quae-

386 3507 632 3587 stiones
691 3520 830 3567 esse
890 3511 990 3567 aut
1050 3505 1308 3567 infinitas
1374 3512 1476 3566 aut
1533 3504 1748 3567 finitaS.
1852 3504 2122 3568 Infinitae
2179 3512 2318 3568 sunt
2344 3551 2364 3585 ,
2431 3522 2588 3586 quae

399 3615 647 3677 remotis
703 3615 984 3695 personis
1061 3620 1122 3674 et
1191 3615 1560 3693 temporibus
1633 3619 1693 3676 et
1750 3613 1902 3676 locis
1958 3591 2301 3695 'ceterisque
2367 3614 2584 3677 simili-

398 3723 512 3785 bus
571 3724 634 3784 in
687 3729 998 3804 utramque
1056 3728 1283 3801 partem
1340 3728 1671 3784 tractantur
1696 3768 1714 3799 ,
1782 3722 1942 3802 quod
1985 3723 2203 3786 Graeci
2247 3726 2431 3786 θέσιν
2487 3723 2585 3786 di...

404 3837 583 3909 cunt,
627 3829 842 3892 Cicero
887 3831 1252 3912 propositum
1282 3877 1302 3908 ,
1357 3831 1456 3894 alii
1502 3831 1888 3911 quaestiones
1929 3831 2305 3894 universales
2351 3832 2581 3913 civileS,

392 3939 497 4002 alii
544 3942 931 4020 quaestiones
973 3939 1333 4019 philosopho
1395 3931 1885 4003 convenientes.“
1933 3980 2014 3993 --
2078 3940 2341 4019 „Finitae
2385 3947 2582 4004 autem

397 4055 537 4113 sunt
576 4064 656 4110 ex
699 4047 1014 4128 complexu
1053 4064 1255 4109 rerum
1280 4093 1299 4126 ,
1359 4065 1789 4128 personarum,
1832 4040 2161 4127 temporum
2209 4056 2588 4113 ceterorum-

398 4173 554 4237 que:
601 4154 720 4218 hae
757 4152 1095 4230 ὑποθέσεις
1139 4172 1173 4218 a
1220 4156 1477 4220 Graecis
1516 4155 1808 4236 dicuntur,
1857 4175 2081 4220 causae
2120 4136 2158 4219 a'
2194 4159 2438 4222 nostris.
2522 4157 2588 4217 ln

389 4266 490 4327 bis
535 4266 730 4327 omnis
797 4264 1072 4345 quaestio
1130 4266 1369 4327 videtur
1418 4267 1584 4328 circa
1640 4282 1741 4327 res
1802 4283 2213 4348 personasque
2279 4267 2585 4329 consiste-

386 4388 478 4436 re.
560 4373 830 4456 Amplior
878 4379 975 4441 ast
1015 4390 1257 4455 semper
1299 4373 1569 4438 infinita:
1627 4373 1771 4438 inde
1816 4373 1996 4437 etiam
2043 4374 2209 4439 finita
2249 4374 2581 4439 descendit.
