2975 4959
1192 302 1680 375 ...65—

344 489 798 575 Πρωταγόρας·
821 496 1086 575 Προῖτος
1106 496 1174 556 δὲ
1191 484 1370 567 οὗτος
1384 492 1529 566 τούς
1544 490 1891 574 ἑριστικούς
1907 486 2127 574 λόγους
2147 478 2297 572 εὗρε
2320 487 2427 556 καὶ
2441 525 2521 543 --·

343 601 580 680 μισθὸν
601 598 828 684 ἔπραξε
858 599 1006 675 τούς
1025 599 1319 683 ιιαθητοὶς
1338 601 1499 679 μνᾶς
1524 596 1761 682 ἑκατόν,
1810 596 1907 662 διὸ
1929 601 2040 662 καί
2058 598 2367 683 ἐπεκλήθη
2392 601 2521 665 Λό-

344 730 452 790 γος
495 705 824 788 ἔμμισθος.
870 710 1236 773 Phavorinus
1289 711 1385 771 vel
1404 711 1712 791 Diogenes
1751 711 1948 789 potius
1988 727 2114 771 rem
2158 711 2520 788 pervertisse
2599 761 2604 766 .

350 814 587 876 videtur
628 814 726 875 lib.
767 815 868 877 lX.
914 823 974 889 §.
1017 816 1134 877 50:
1176 813 1493 894 Διήκουσε
1536 815 1605 877 δὲ
1647 812 1680 875 ὅ
1725 811 2164 895 Πρωταγόρας
2210 817 2526 896 Δημοκρί.

354 941 466 982 του
517 920 796 984 ἐκαλεῖτό
849 946 916 984 τε
978 926 1220 1006 Σοφία,
1280 915 1364 995 α’)’ς
1407 946 1566 1006 φησι
1628 924 2000 1001 Φαβωρῖνος
2042 923 2111 983 ἐν
2154 921 2527 1007 παντοδαπῇ

355 1025 620 1113 ἱστορίᾳ.
726 1031 899 1104 Quod
958 1048 1290 1111 quanquam
1355 1030 1645 1093 refellitur
1704 1032 1793 1091 eis
1850 1029 2247 1108 testimoniis,
2312 1030 2523 1110 quibus
2629 1047 2632 1052 ·

359 1129 570 1214 Λόγος
614 1136 1019 1217 Protagorae,
1086 1140 1293 1221 Σοφία
1330 1137 1677 1200 Democrito
1721 1139 2081 1218 cognomina
2144 1136 2329 1198 indita
2390 1154 2530 1199 esse

357 1241 678 1306 affirmatur
739 1244 986 1321 (suidas
1045 1260 1094 1306 S.
1150 1262 1206 1305 v.
1249 1244 1665 1323 Δημόκριτοςτ
1720 1240 2066 1324 Ἐπεκλήθη
2119 1240 2191 1303 δὲ
2241 1242 2447 1324 Σοφία
2494 1237 2532 1305 ὅ

360 1346 775 1432 Δημόκριτος.
865 1351 1044 1414 Clem.
1106 1351 1281 1413 Alex.
1330 1352 1548 1413 Strom.
1590 1350 1690 1411 lib.
1730 1348 1823 1411 v1.
1887 1363 2023 1428 pag.
2068 1347 2208 1410 631.
2251 1349 2337 1410 Dt
2397 1352 2529 1430 Aq-

355 1453 644 1536 μόκριτος
687 1459 757 1519 δὲ
800 1454 869 1519 ἐκ
907 1460 1017 1538 τῆς
1058 1459 1183 1519 τῶν
1220 1458 1577 1537 μεταρσίων
1616 1455 2109 1538 παρατηρήσεως
2148 1452 2343 1516 πολλοὶ
2376 1476 2530 1537 προ-

361 1564 555 1644 λέγων
581 1566 789 1647 Σοφία
834 1567 1258 1647 ἐπωνομάσθη
1284 1588 1400 1627 -—:
1446 1567 1638 1627 minus
1678 1570 1846 1626 recte
1889 1564 2047 1624 enim
2076 1562 2364 1625 Aelianus
2403 1562 2441 1624 l.
2489 1564 2527 1625 l.

363 1669 756 1752 Φιλοσοφίαν
802 1670 975 1745 dicit)
1023 1707 1104 1721 -
1144 1672 1531 1734 nihilominus
1572 1687 1690 1753 ego
1732 1670 2023 1750 Diogenis
2065 1671 2251 1732 verba
2300 1676 2528 1732 mutare

357 1776 576 1837 nolim:
635 1793 855 1840 vereor
894 1780 1094 1858 enim,
1141 1778 1544 1859 ne-scriptori
1591 1779 1789 1858 potius
1830 1794 2003 1857 quam
2061 1775 2307 1839 librario
2357 1775 2529 1858 culpa

355 1883 428 1944 sit
467 1884 830 1964 imputanda.

524 1993 778 2056 Maxime
816 2009 966 2055 vero
1008 1998 1069 2054 et
1113 1991 1269 2054 fama
1315 1999 1376 2055 et
1417 1992 1690 2054 doctrina
1727 1992 2131 2073 profecturum
2174 2006 2315 2053 sese
2354 1987 2536 2051 intel-

360 2098 505 2163 lexit
533 2147 552 2179 ,
616 2104 668 2165 si
730 2102 999 2164 Athenas
1069 2100 1320 2163 adiisset
1378 2101 1705 2170 litterarum
1770 2102 2103 2181 artiumque
2166 2098 2529 2160 domicilium

357 2204 581 2268 Pericle
620 2212 759 2269 tunc
801 2208 892 2269 rei
935 2206 1209 2286 publicae
1250 2205 1719 2288 gubernaculum
1762 2211 2060 2267 tractante
2104 2206 2366 2267 virorum
2412 2204 2532 2266 do-

360 2319 588 2376 ctorum
647 2314 881 2377 fautore
937 2315 1319 2396 gravissimo.
1405 2315 1701 2377 Graeciae
1740 2315 1923 2376 urbes
1962 2329 2295 2394 peragrans
2335 2320 2531 2375 tantas

360 2422 475 2484 sibi
518 2424 746 2503 peperit
788 2423 996 2486 laudes
1021 2470 1038 2501 ,
1086 2430 1149 2485 ut
1190 2425 1297 2486 sub
1342 2407 1560 2485 annum
1602 2419 1746 2486 451.
1787 2423 2042 2485 Athenis
2082 2428 2268 2485 artem
2315 2421 2529 2502 sophi.-

360 2531 569 2594 sticam
635 2529 899 2610 profiteri
957 2528 1222 2591 auderet.
1325 2530 1549 2591 Primus
1604 2530 1658 2590 is
1716 2528 2081 2590 Graecorum
2138 2529 2529 2609 philosophus

357 2637 697 2699 mercedem
760 2654 820 2699 a·
860 2635 1163 2716 discipulis
1224 2637 1546 2717 exigebat:
1616 2637 1756 2698 Plat.
1814 2636 1969 2710 Prot.
2034 2653 2172 2717 pag.
2220 2636 2359 2698 349.
2425 2637 2522 2698 A:

354 2742 449 2807 Σύ
493 2745 545 2824 γ’
585 2744 951 2827 ἀναφανδὸν
1009 2741 1273 2807 σεαυτὸν
1333 2740 1880 2826 ὑποκηρυξάμενος
1943 2746 2033 2817 εἰς
2089 2741 2326 2816 πάντας
2381 2742 2529 2819 τούς

341 2844 639 2935 Ἓλληνας
677 2850 989 2935 σοφιστήν·
1026 2851 1423 2930 ἐπονομάσας
1463 2848 1738 2915 σεαυτὸν
1782 2850 2114 2934 ἀπέφηνας
2136 2852 2526 2925 παιδεύσεως

358 2956 470 3021 καί
509 2959 730 3043 α’ρετῆς
776 2957 1151 3022 διδάσκαλον
1208 2959 1453 3039 πρῶτος
1506 2953 1729 3020 τούτου
1786 2955 2023 3038 μισθὸν
2083 2957 2357 3036 α’ξιοόσας
2403 2950 2524 3039 ἄρ..

352 3071 605 3131 νυσθαι.
693 3070 873 3150 Diog.
920 3068 1118 3129 Laert.
1164 3067 1266 3132 lib.
1307 3068 1407 3129 lx.
1453 3077 1510 3146 §.
1553 3068 1674 3131 52:
1736 3058 1940 3142 Οὗτος
1998 3071 2242 3149 πρῶτος
2281 3065 2521 3147 μισθὸν

353 3172 764 3256 εἰσεπράξατο
805 3177 965 3255 μνᾶς
1004 3171 1240 3239 ἑκατόν.

518 3282 694 3344 Brevi
758 3289 1024 3363 tempore
1069 3284 1431 3364 Protagoras
1472 3283 1724 3346 Athenis
1788 3284 1942 3345 adeo
1988 3281 2391 3359 inclaruerat,
2458 3287 2525 3343 ut

358 3388 585 3452 scholis
629 3391 776 3467 eiuS,
823 3391 1036 3470 quibus
1086 3398 1145 3452 et
1194 3391 1270 3452 de
1314 3408 1513 3453 rerum
1552 3397 1764 3453 natura
1808 3389 2142 3453 disserebat
2168 3395 2227 3450 et
2264 3405 2524 3467 praece-

357 3503 455 3576 pta
500 3500 887 3580 grammatica
931 3506 1107 3580 atque
1145 3499 1446 3561 rhetorica
1491 3498 1794 3579 discipulis
1842 3497 2136 3577 tradebat,
2184 3496 2525 3557 interfuisse

356 3606 626 3687 plerique
670 3609 948 3670 iuvenum
993 3609 1457 3687 antiquissimum
1505 3607 1810 3669 ducerent.
1861 3607 1994 3669 vid.
2038 3607 2113 3666 de
2154 3606 2524 3685 Protagorae

357 3714 584 3777 scholis
625 3716 724 3778 lib.
769 3717 860 3778 lV.
903 3734 1033 3797 cap.
1084 3717 1127 3778 Ι.
1212 3724 1402 3798 Atque
1458 3735 1599 3780 mox
1650 3718 1897 3799 ingenio
1946 3731 2056 3777 suo
2100 3721 2322 3778 tantum
2366 3714 2522 3794 apud

359 3804 646 3883 Periclem
694 3824 971 3904 valebat,
1041 3831 1103 3886 ut
1144 3842 1303 3887 anno
1347 3822 1511 3904 445,
1575 3841 1692 3907 quo
1738 3823 1992 3886 Athenis
2034 3821 2236 3883 coloni
2274 3821 2529 3885 Thurios

357 3928 884 4009 proficiscebantur
905 3978 924 4011 ,
991 3932 1207 4014 dignus
1249 3935 1569 3997 haberetur
1610 3933 1710 4015 qui
1754 3930 2026 3993 Thurinis
2071 3930 2242 4013 leges
2282 3932 2523 3993 scribe-

354 4043 467 4099 ret.
554 4038 911 4103 Callimacho
979 4043 1137 4105 enim
1204 4042 1520 4118 archonte,
1564 4043 1851 4123 primam,
1924 4039 2215 4102 Praxitele
2273 4038 2522 4101 alteram

352 4145 806 4209 Atheniensium
848 4150 1143 4213 coloniam
1168 4197 1186 4228 ,
1253 4151 1421 4213 cuius
1464 4151 1674 4231 Lysias
1722 4156 1783 4210 et
1821 4149 2163 4212 Herodotus
2202 4146 2523 4227 participes

352 4254 548 4334 fuere,
594 4255 847 4320 Thurios
890 4258 1202 4321 deductam
1246 4278 1384 4323 esse
1425 4277 1605 4341 supra
1668 4257 2003 4339 expositum
2044 4264 2154 4319 est.
2241 4254 2523 4317 Charon-

347 4361 460 4425 dae
529 4363 766 4445 quidem
829 4364 1067 4446 legibus
1120 4384 1269 4431 usos
1330 4384 1471 4430 esse
1516 4366 1811 4430 Thurinos
1878 4381 2089 4428 omnes
2145 4361 2527 4426 consentiunt

2093 4479 2135 4546 5
