2975 4959
1208 328 1700 426 -31-†

384 520 614 594 tempus
632 512 943 594 Syncellus
966 530 1100 593 pag.
1123 511 1363 598 25440:
1388 512 1447 575 id
1474 513 1635 594 quod
1658 530 1693 574 a
1718 518 2054 577 ceterorum
2075 515 2428 578 testimoniis
2456 516 2554 578 ni-

380 625 558 685 mium
583 623 900 702 discrepat.
961 622 1209 698 Eadem,
1255 597 1431 701 a'tque
1453 622 1699 685 Eusebii
1741 628 1803 684 et
1825 622 2106 703 syncelli,
2151 625 2418 687 conditio
2460 634 2551 689 est

380 730 584 812 cyrilli
627 730 783 808 loci,
826 747 944 810 quo
987 732 1413 810 Anaxagoram
1462 730 1617 791 tradi
1662 747 1796 792 cum
1842 730 2079 793 Xerxes
2128 732 2189 793 in
2239 731 2549 795 Graeciam

375 838 692 901 invaderet
736 855 952 900 annum
994 838 1197 919 egisse
1223 838 1569 899 vicesimum
1611 854 1691 897 ne
1736 838 2019 900 temerius
2049 839 2266 901 dixerit
2293 839 2550 901 Brandi-

377 947 505 1009 sius
548 946 683 1009 hist.
732 945 946 1027 philos,
992 951 1134 1008 tom.
1175 946 1217 1007 Ι.
1265 962 1404 1026 pag.
1450 945 1590 1007 233.
1634 962 2006 1027 magnopere
2051 964 2291 1025 vereor,
2339 954 2550 1010 contra

371 1052 476 1115 lul.
512 1070 649 1134 pag.
699 1053 792 1115 13.
837 1054 918 1114 B:
975 1049 1435 1137 Ἑβδομηκοστῇ
1476 1048 1827 1128 ὀλυμπιάδι
1890 1049 2054 1135 φασὶ
2082 1056 2380 1132 γενέσθαι
2418 1059 2551 1137 Δη..

344 1159 670 1238 ,μόκριτον
729 1161 840 1221 καί
884 1155 1355 1239 Ἀναξαγόραν,
1417 1152 1813 1240 φιλοσόφους
1870 1158 2212 1240 φυσικούς,
2276 1156 2436 1239 ὁμοῦ
2478 1184 2549 1224 τε

366 1263 479 1328 καί
507 1264 937 1347 Ἠράκλειτον
980 1264 1092 1329 τόν
1136 1265 1393 1347 ἐπίκλην
1436 1262 1777 1329 Σκοτεινόν.
1862 1266 2037 1340 Quod
2085 1269 2276 1334 minus
2318 1269 2548 1332 incerto

366 1374 589 1436 dictum
633 1365 811 1450 e'sse,
866 1393 1039 1455 quam
1088 1380 1153 1435 ut
1207 1374 1381 1437 huius
1426 1375 1751 1437 testimonii
1809 1375 1962 1438 ullus
2012 1375 2087 1438 ad
2134 1379 2545 1457 quaestionem

365 1488 634 1544 nostram
681 1499 826 1544 usus
871 1484 968 1560 sit,
1013 1500 1146 1544 cum
1189 1501 1299 1563 per
1340 1500 1410 1545 se
1438 1489 1704 1563 apparet,
1749 1490 1867 1545 tum
1897 1484 2120 1563 verbiS,
2162 1501 2317 1565 quae
2346 1484 2545 1565 paullo

367 1593 509 1668 post
548 1586 844 1669 leguntur,
887 1588 1290 1671 planissimum
1339 1589 1442 1666 fit,
1484 1589 1696 1668 quibus
1745 1590 1821 1651 de
1865 1590 2209 1654 Democrito
2254 1594 2367 1654 sibi
2411 1595 2541 1672 ipse

357 1711 486 1756 non
527 1701 814 1758 constans
863 1693 1275 1782 Ὀγδοηκοστῇ
1315 1698 1458 1781 ἕκτῃ
1510 1694 1895 1778 ὀλυμπιάδι,
1953 1697 2183 1778 inquit,
2245 1701 2542 1779 γενέσθαι

357 1803 529 1886 φασὶ
572 1801 687 1866 τόν
722 1802 1109 1886 Ἀβδηρίτην
1151 1801 1580 1887 Δημόκριτον,
1634 1805 2040 1884 Ἐμπεδοκλέα
2084 1828 2150 1868 τε
2190 1807 2299 1867 καί
2329 1803 2539 1869 Ἰππο-

353 1907 587 1994 κράτην
653 1910 764 1972 καί
822 1912 1193 1991 Πρόδικον,
1255 1908 1524 1993 Ζήνωνα
1590 1910 1701 1975 καί
1769 1914 2204 1995 Παρμενίδην.
2309 1913 2540 1977 Pariter

357 2016 619 2098 denique
660 2019 886 2101 reliqua
936 2027 1276 2101 comparata
1321 2027 1458 2082 sunt
1505 2021 1904 2098 testimonia,
1937 2021 2219 2084 chronici
2271 2021 2536 2084 Pascha-

353 2124 431 2186 lis
495 2131 556 2187 et
612 2125 920 2189 Michaelis
981 2127 1222 2207 Glycae.
1308 2126 1375 2188 In
1446 2126 1736 2190 chronico
1793 2129 1951 2189 enim
2005 2128 2105 2189 illo
2178 2128 2533 2209 olympiadis

353 2235 774 2315 sexagesimae
832 2236 1124 2316 septimae
1194 2251 1352 2297 anno
1416 2236 1610 2315 primo
1669 2234 1768 2296 vel
1825 2235 2096 2297 secundo
2151 2235 2529 2314 HellanicuS‚

348 2341 731 2405 Democritus
757 2389 776 2420 ,
817 2340 1182 2419 HeraclitUS,
1226 2342 1627 2423 Anaxagoras
1651 2387 1671 2419 ‚
1712 2323 1864 2421 apud
1912 2340 2155 2422 Glycam
2198 2359 2346 2404 vero
2392 2343 2531 2405 An-

351 2449 472 2511 nal.
517 2456 665 2530 part.
707 2449 778 2512 11.
820 2467 957 2531 pag.
1007 2449 1146 2511 202.
1189 2448 1233 2510 Β
1278 2461 1452 2531 (pag.
1501 2447 1646 2510 376.
1690 2447 1911 2525 Bekk.)
1965 2450 2318 2511 Artaxerxis
2361 2449 2530 2511 Lon-

346 2558 575 2639 gimani
620 2563 814 2620 aetate
855 2556 1184 2639 Sophocles
1211 2610 1228 2637 ‚
1293 2557 1626 2620 Heraclitus
1652 2603 1671 2636 ,
1728 2559 2166 2639 Anaxagoras,
2223 2558 2525 2639 Pythago-

345 2683 470 2744 raS,
512 2666 912 2748 ThucydideS,
954 2665 1288 2746 EuripideS,
1329 2666 1691 2742 HerodotuS,
1730 2666 2150 2747 Empedocles,
2193 2667 2522 2746 DiogeneS,

343 2772 761 2852 HippocrateS‚
805 2772 1005 2852 Plato,
1049 2771 1408 2834 Aristoteles
1451 2771 1599 2832 clari
1646 2771 1835 2832 fuisse
1879 2771 2172 2834 dicuntur.
2257 2775 2381 2834 Hos
2423 2773 2523 2834 lo-

345 2897 455 2943 cos
496 2881 678 2962 igitur
720 2897 952 2960 omnes,
999 2880 1212 2961 quippe
1260 2880 1472 2960 quibus
1497 2896 1703 2960 parum
1735 2879 1833 2941 vel
1876 2879 2032 2941 adeo
2073 2878 2219 2940 nibil
2264 2880 2522 2943 demon-

342 2995 587 3068 stretur,
627 3006 741 3052 nos
782 2991 999 3052 missos
1040 2990 1323 3051 facimus:
1367 2989 1557 3051 ceteri
1590 2994 1808 3067 autem,
1856 2990 1955 3068 qui
1995 2988 2074 3050 ad
2114 2989 2520 3081 Anaxagorae

339 3096 650 3161 historiam
715 3100 1054 3178 pertinent,
1111 3114 1446 3180 quanquam
1502 3097 1579 3159 ad
1636 3098 1826 3179 ipsum
1884 3098 2013 3159 sive
2074 3098 2332 3160 natalem
2387 3100 2517 3162 sive

334 3208 548 3270 mortis
589 3224 804 3298 annum
847 3207 1325 3270 constituendum
1368 3205 1641 3269 adhiberi
1666 3212 1988 3287 nequeunt,
2034 3209 2284 3290 egregie
2312 3214 2514 3270 tamen

339 3322 680 3396 congruunt
725 3332 859 3377 cum
906 3318 1346 3396 computatione
1389 3321 1617 3378 nostra.
1660 3352 1741 3364 —
1810 3314 1977 3388 Quae
2043 3332 2175 3377 cum
2232 3316 2314 3378 ita
2374 3317 2513 3395 sint,

333 3424 593 3505 ineptum
637 3441 786 3486 sane
827 3431 1006 3502 esset,
1049 3423 1480 3504 Apollodorum
1511 3441 1621 3504 pro
1651 3425 2091 3506 septuagesima
2117 3424 2513 3505 olympiadem

337 3534 777 3616 sexagesimam
846 3532 945 3595 vel
1011 3551 1227 3595 annum
1282 3533 1426 3595 540.
1532 3542 1932 3615 Anaxagorae
1989 3532 2246 3595 natalem
2306 3532 2511 3596 facere

335 3642 689 3720 tradentem,
737 3659 856 3723 quo
883 3642 1275 3704 casaubonus
1302 3640 1667 3704 levissimam
1712 3641 2116 3704 difficultatem
2158 3647 2224 3703 ut
2249 3641 2508 3723 tolleret,

331 3748 512 3811 multo
557 3750 874 3831 graviores
921 3752 981 3811 in
1022 3748 1217 3811 locum
1265 3748 1474 3826 intulit,
1517 3755 1857 3829 tantumque
1901 3748 2089 3811 abfuit
2113 3755 2176 3810 ut
2214 3767 2343 3811 rem
2385 3768 2507 3813 ex·-

326 3858 602 3936 pediret,
661 3866 727 3921 ut
785 3857 967 3920 multo
1023 3858 1200 3919 etiam
1259 3859 1452 3940 magis
1516 3858 1910 3937 perturbaret.
1995 3859 2285 3921 Diversos
2347 3861 2504 3923 enim

328 3965 682 4046 Apollodori
709 3984 991 4029 numeros
1015 3973 1079 4029 ut
1103 3968 1260 4028 inter
1282 3983 1349 4028 se
1373 3966 1747 4038 conciliaret,
1789 3966 2076 4045 priorem,
2127 3967 2225 4048 qui
2250 3974 2343 4029 est
2365 3986 2503 4030 cer-

324 4075 588 4157 tissimus
618 4078 997 4155 omniumque
1021 4076 1374 4137 testimoniis
1418 4074 1819 4152 confirmatus,
1849 4063 2182 4139 'manifesto
2214 4077 2499 4156 corrupit,

324 4201 456 4245 cum
474 4183 764 4247 Meursius
793 4185 1042 4247 alterum
1066 4191 1299 4246 mutans
1324 4201 1561 4246 omnem
1585 4184 1911 4247 removerit
1930 4184 2390 4266 discrepantiam
2409 4187 2497 4260 *).

459 4407 515 4476 ⁴³)
552 4406 760 4459 Praeter
805 4422 935 4475 quos
981 4407 1404 4474 memoravimus,
1454 4408 1664 4461 Meursii
1718 4407 2124 4461 emendationem
2173 4411 2332 4460 ceteri
2384 4407 2492 4458 fere
