2975 4959
1325 339 1421 357 --
1524 308 1623 379 82
1709 301 1847 393 ·-:

486 497 895 577 Quaecunque
937 490 1108 555 tarda
1149 496 1307 569 sunt,
1342 490 1519 555 tardo
1561 495 1727 554 motu
1764 489 1841 555 ad
1883 490 2085 555 affinia
2125 490 2426 557 feruntur:
2471 496 2534 555 et
2569 492 2667 558 sic

486 606 654 668 tarda
700 606 993 685 gignunt3
1058 617 1451 682 quaecunque
1495 606 1690 672 autem
1751 599 1976 663 celeria
2034 604 2211 679 sum,
2270 598 2457 664 celeri
2502 607 2667 666 motu

488 713 563 775 ad
589 712 789 775 affinia
820 710 1107 787 feruntur,
1149 714 1210 770 et
1247 711 1340 770 sic
1381 707 1602 771 celeria
1641 708 1914 790 gignunt.
1943 743 2026 758 —
2055 707 2198 772 Post
2237 709 2425 772 verba
2466 700 2663 774 anteat

483 812 637 884 ὅσον
681 820 753 882 δὲ
791 809 883 881 αὖ
918 814 1088 899 ταχύ
1146 817 1410 880 fortasse
1467 816 1826 879 exciderunt
1877 815 2064 879 verba
2120 815 2190 879 ἐν
2239 815 2330 902 τῷ
2368 814 2543 903 αὐτῷ
2565 823 2662 880 'ex

481 927 921 1018 superioribusx
949 924 1315 1017 repetenda&
1350 959 1435 976 -
1488 942 1609 1007 quo
1650 924 1797 989 nibil
1837 925 2103 1005 pravius.
2186 924 2336 990 Sunt
2375 926 2536 989 enirn
2577 926 2660 988 ita

476 1034 961 1117 interpretanda:
1026 1032 1225 1114 „Haec
1275 1033 1475 1097 omnia
1532 1032 1715 1115 igitur
1775 1039 2129 1111 moventur,
2191 1032 2309 1096 alia
2361 1030 2657 1113 celerans,

477 1143 706 1207 tardius
750 1141 886 1209 alia.
972 1141 1140 1217 Quae
1182 1140 1431 1220 tardius,
1472 1140 1537 1204 in
1577 1140 1795 1205 eodem
1837 1140 1978 1205 loco
2018 1148 2081 1205 et
2119 1156 2332 1204 versus
2376 1156 2452 1204 ea
2497 1157 2656 1223 quas

474 1269 663 1335 prope
705 1249 1003 1314 accedunt
1039 1258 1356 1314 moventur
1399 1257 1579 1332 atque
1622 1249 1711 1314 sic
1756 1249 2045 1333 gignunt3
2100 1265 2371 1331 quaeque
2412 1251 2506 1313 sic
2550 1250 2656 1332 gi-

469 1366 755 1443 gnuntur,
795 1357 1063 1423 tardiora
1104 1366 1264 1422 sunt.
1330 1358 1498 1433 Quae
1525 1375 1671 1421 vero
1716 1358 1994 1439 celerius,
2036 1359 2101 1421 in
2145 1358 2472 1421 remotiora
2515 1374 2654 1421 mo·

469 1474 688 1531 ventur
727 1474 904 1549 atque
945 1468 1036 1531 sic
1078 1468 1374 1550 gignunt3
1436 1483 1709 1548 quaeque
1749 1467 1840 1529 sic
1882 1455 2255 1549 gignuntur,
2300 1472 2437 1529 sunt
2481 1465 2653 1528 cele-

469 1576 667 1641 riora:
709 1593 917 1639 eorum
959 1576 1117 1637 enim
1155 1575 1340 1637 motio
1385 1573 1520 1637 talis
1562 1581 1677 1654 est,
1722 1580 1787 1638 ut
1824 1591 1947 1639 non
1987 1576 2052 1638 in
2093 1573 2311 1638 eodem
2355 1572 2491 1638 loco
2532 1590 2651 1636 ue·

469 1700 586 1766 que
631 1700 843 1746 versus
885 1699 961 1746 ea
1005 1698 1163 1765 quae
1196 1664 1404 1765 ‘prope
1445 1681 1741 1746 accedant
1794 1689 2185 1759 moveantur,
2240 1678 2351 1746 sed
2411 1689 2475 1746 ut
2516 1684 2648 1764 ipsa

463 1809 574 1874 per
621 1792 883 1874 spatium
927 1788 1194 1855 ferantur
1251 1793 1315 1856 in
1356 1792 1736 1856 remotiora.“
1816 1793 1967 1857 Nam
2013 1792 2233 1875 opponi
2274 1793 2430 1855 iuter
2467 1808 2538 1855 se
2575 1791 2646 1856 ἂν

462 1902 548 1988 τῷ
595 1901 765 1988 αὐτῷ
807 1898 923 1984 τὴν
965 1902 1207 1986 κίνησιν
1250 1898 1423 1984 ἴσχει
1466 1908 1528 1965 et
1568 1905 1823 1987 φέρεται
1863 1899 1983 1986 γὰρ
2046 1899 2158 1965 καί
2203 1904 2272 1966 ἐν
2313 1903 2484 1987 φορᾷ
2524 1891 2643 1962 αὖ·

461 2008 589 2071 τῶν
628 2005 668 2090 ἧ
709 2010 948 2093 κίνησις
990 2011 1269 2094 πέφυκεν
1328 2016 1506 2093 atque
1569 2011 1707 2074 item
1768 2007 1928 2091 πρός
1975 2006 2052 2075 τὰ
2115 2007 2535 2093 πλησιάζοντα
2580 2013 2642 2071 et

461 2111 624 2198 πρός
664 2112 743 2179 τὰ
790 2114 1126 2199 πόρρωθεν
1161 2118 1578 2185 Stallbaumiuss
1621 2119 1696 2184 ad
1740 2119 1799 2183 h.
1827 2119 1865 2182 l.
1909 2126 2073 2184 recte
2116 2119 2462 2184 observavit
2504 2117 2641 2182 col-

454 2221 593 2288 latis
639 2241 774 2306 pag.
823 2225 958 2289 181.
1006 2225 1054 2289 D
1096 2232 1155 2290 et
1198 2226 1468 2291 Parmen.
1513 2245 1652 2311 pag.
1700 2228 1836 2293 138.
1870 2227 1932 2290 B.
1994 2226 2069 2292 Ut
2108 2226 2186 2292 ds
2227 2227 2295 2291 ἐν
2337 2225 2424 2313 τῷ
2461 2213 2640 2312 αὕὲῷ

451 2337 588 2411 post
631 2327 795 2412 ταχύ
843 2333 1170 2397 inserendo
1210 2337 1466 2418 eogitari
1498 2353 1621 2400 non
1670 2353 1851 2418 posse
1895 2341 2195 2418 appareat.
2247 2335 2456 2416 Neque
2483 2350 2637 2416 quae

453 2456 533 2504 ex
573 2439 666 2501 bis
687 2440 945 2502 Platonis
986 2442 1189 2505 verbis
1234 2444 1504 2522 „affinia“
1547 2445 1886 2527 significent
1934 2462 2053 2526 ego
2078 2444 2397 2526 perspicio.
2444 2442 2632 2517 Quam

463 2564 611 2609 vero
630 2548 1045 2612 Stallbaumius
1066 2552 1571 2632 proposuitbuius
1610 2553 1730 2617 loci
1770 2553 2273 2630 emendationem,
2310 2568 2445 2614 eam
2471 2550 2630 2613 Gor-

465 2656 619 2717 narii
687 2658 1044 2721 restitutioni
1112 2659 1476 2741 posthabere
1535 2680 1659 2725 non
1714 2662 1943 2727 dubito.
2026 2661 2351 2725 Cornarius
2390 2659 2548 2721 euim
2592 2675 2631 2722 a

463 2765 667 2846 priore
714 2763 794 2829 τὰ
839 2766 911 2830 δὲ
951 2767 1303 2849 γεννώμενα
1346 2764 1517 2860 οὕτω,
1573 2765 1649 2854 δή
1710 2771 2013 2838 librarium
2072 2769 2328 2852 aliquem
2375 2769 2441 2833 in
2481 2747 2633 2831 alte·

466 2890 597 2935 rum
641 2874 959 2939 aberrasse
1004 2877 1334 2941 coniiciens
1378 2881 1710 2944 orationem
1735 2880 1932 2944 effecit
1956 2879 2406 2943 concinniorem
2433 2873 2637 2941 omni·
2757 2948 2762 2952 q

456 2996 574 3059 que
616 2999 696 3042 ex
736 2989 905 3068 parte
947 2983 1391 3064 perfectiorem,
1432 2980 1606 3068 quam
1647 2988 2061 3052 Stallbaumius
2098 2993 2236 3050 ante
2275 2980 2630 3069 γεννώμενα

469 3105 725 3150 nserens
768 3090 1000 3152 θᾶττον
1044 3100 1284 3157 servata
1323 3095 1384 3157 iu
1434 3098 1655 3158 ceteris
1696 3095 1972 3160 codicum
2015 3096 2293 3159 lectione.

661 3197 951 3261 Sensuum
1020 3218 1338 3284 rerumque
1405 3185 1773 3268 sensibilium
1847 3211 2013 3268 ortus
2082 3206 2261 3287 igitur
2325 3203 2425 3268 bic
2488 3205 2627 3281 est}

457 3303 798 3366 Contrariis
839 3307 1116 3370 motionis
1163 3309 1380 3390 formis
1441 3311 1526 3374 ita
1580 3313 1929 3396 congressis
1953 3358 1971 3391 ,
2025 3318 2093 3374 ut
2151 3312 2340 3376 altera
2396 3317 2625 3394 ageret,

457 3411 642 3474 altera
714 3420 1016 3493 pateretur
1039 3461 1058 3493 ,
1123 3419 1394 3482 oriuntur
1447 3419 1719 3500 facultas
1776 3419 2071 3482 sentiendi
2132 3415 2534 3503 (αἴσθησις)·’
2567 3422 2629 3482 et

453 3522 717 3599 qualitas
761 3522 1062 3586 sensibilis
1107 3545 1239 3589 cum
1271 3526 1552 3591 facultate
1578 3529 1672 3591 illa
1694 3545 1963 3612 congrua
2003 3526 2401 3612 (αἰσθητόν);
2443 3524 2627 3590 dein-

376 3704 382 3709 *
457 3628 533 3689 de
579 3629 854 3693 facultate
897 3633 1195 3695 sentiendi
1247 3637 1526 3715 passiva,
1589 3635 1871 3718 qualitate
1932 3636 2205 3700 sensibili
2263 3634 2459 3698 activa
2522 3633 2625 3698 illa

456 3736 737 3799 motionis
808 3738 998 3803 forma
1059 3740 1357 3822 repletur,
1422 3743 1584 3807 unde
1654 3752 2044 3827 procreantur
2093 3761 2307 3808 sensus
2364 3741 2627 3838 bominis

452 3842 713 3905 sentiens
752 3851 814 3907 et
854 3864 958 3909 res
997 3866 1154 3929 quae
1203 3850 1475 3914 sentitur.
1518 3889 1601 3903 -
1668 3852 1935 3928 Qualitas
1991 3833 2292 3916 sensibilis
2345 3870 2480 3917 cum
2528 3851 2628 3914 t'a-

454 3949 669 4013 cultate
713 3955 1014 4021 sentiendi
1057 3975 1323 4042 congrua
1367 3966 1498 4041 est,
1551 3968 1617 4025 ut
1657 3981 1789 4027 cum
1827 3963 1963 4028 visu
2006 3962 2211 4043 color,
2246 3980 2381 4026 cum
2423 3961 2624 4025 auditu

453 4076 657 4120 sonus,

619 4168 792 4243 Quod
850 4170 924 4233 ad
981 4173 1382 4243 illustrandum
1425 4181 1709 4245 Socrates
1751 4178 2462 4264 Theaet.pag.156.D
2496 4176 2617 4239 boc

447 4274 629 4341 utitur
690 4280 1006 4363 exemplo:
1067 4282 1369 4351 Ἐπειδὰν
1409 4282 1522 4352 ουν
1559 4314 1731 4370 ομμα
1779 4292 1888 4353 καί
1940 4284 2093 4354 αλλο
2146 4313 2209 4353 τι
2254 4291 2378 4353 τῶν
2415 4284 2613 4375 τούτῳ

443 4382 816 4471 ξυμμέτρων
855 4388 1206 4476 πλησιάσαν
1244 4392 1515 4485 γεννήσῃ
1560 4395 1672 4482 τὴν
1716 4395 2058 4482 λευκότητά
2101 4420 2165 4463 τε
2190 4421 2295 4462 και
2287 4392 2617 4482 αἴσθησιν
