2975 4959
1226 210 1716 279 ...23-

377 394 499 456 τῶν
535 396 957 477 τετρακοσίων
1001 396 1298 460 nominari
1341 397 1624 477 potuerit,
1664 402 1729 459 ut
1774 400 1874 459 aut
1917 394 1993 457 ab
2037 394 2170 457 aliis
2202 395 2557 477 Pythodoris

391 501 897 583 distingueretur,
955 511 1055 567 aut
1110 506 1353 568 omnino
1398 503 1997 585 indicareturqualis
2035 503 2133 565 ille
2178 504 2422 565 fuisset:
2483 522 2562 564 ex

383 608 678 691 Diogenis
748 611 949 674 verb1s
1020 613 1408 695 Protagoram
1484 619 1828 675 accusatum
1898 629 2037 675 esse
2107 611 2560 693 quadringentis

379 717 806 797 imperantibus
864 727 1032 783 certo
1086 721 1245 784 effici
1287 722 1511 801 nequit.
1600 721 1880 783 Ceterum
1927 720 2141 783 confer
2185 719 2422 781 dehoc
2465 719 2566 780 lo*-

384 842 459 887 co
501 833 605 900 §§.
649 829 708 889 5.
750 827 808 889 6.
858 836 917 891 et
960 829 1018 891 7.
1103 828 1352 910 Insuper
1393 847 1425 890 a
1474 830 1720 892 Frereto
1770 828 1947 890 etiam
1991 828 2564 909 quadringentorum

384 934 650 997 virorum
695 941 925 1017 tempus
969 937 1164 1000 minus
1204 943 1372 999 recte
1414 938 1739 999 indicatum
1781 943 1910 1013 est,
1953 937 2030 998 de
2077 953 2194 1017 quo
2241 936 2361 997 vid.
2406 945 2459 1011 §.
2504 936 2563 997 5.

542 1043 640 1106 Ad
696 1044 873 1106 finem
939 1046 1197 1128 denique
1265 1048 1444 1109 totius
1508 1045 1936 1126 disquisitionis
1998 1062 2191 1125 pauca
2257 1044 2422 1106 addit
2481 1043 2560 1106 de

387 1148 597 1212 Ixione
636 1151 994 1233 Euripidea‚
1053 1155 1116 1216 in
1160 1170 1276 1234 qua
1318 1153 1687 1235 Protagorae
1726 1160 1979 1216 mortem
2022 1151 2341 1214 indicatam
2382 1152 2569 1213 fuisse

390 1261 612 1323 scimus
659 1278 738 1323 ex
773 1262 1048 1343 Diogene
1096 1262 1290 1325 Laert.
1335 1261 1436 1324 lib.
1465 1261 1567 1324 IX.
1615 1268 1672 1337 §.
1699 1262 1799 1324 55.
1882 1260 2104 1323 Eorum
2146 1278 2373 1324 summa
2415 1258 2570 1321 haec

304 1447 313 1458 Ι
390 1374 522 1428 ests
590 1369 718 1447 „Au
763 1376 926 1431 reste
987 1387 1141 1431 nous
1187 1388 1262 1431 ne
1307 1387 1534 1432 savons
1596 1371 1728 1430 rien
1792 1369 1869 1431 de
1914 1370 2138 1431 certain
2185 1386 2289 1431 sur
2330 1368 2385 1429 la
2428 1367 2567 1429 date

387 1472 463 1535 de
508 1474 759 1555 l'lxion,
804 1478 885 1539 οὐ
916 1476 1220 1558 Euripide,
1265 1495 1499 1540 comme
1542 1494 1696 1539 nous
1740 1475 1970 1539 l’avons
2015 1476 2118 1556 dit,
2164 1476 2271 1539 fait
2309 1476 2564 1538 allusion

325 1612 330 1616 ·
383 1582 421 1643 a
473 1581 531 1645 la
586 1590 745 1645 mort
803 1584 880 1646 de
939 1585 1330 1666 Protagore.“
1433 1584 1609 1659 Quod
1670 1585 1906 1666 quidem
1968 1585 2130 1647 bene
2189 1602 2258 1647 se
2318 1583 2561 1648 habeat.

385 1690 507 1755 Sed
559 1691 636 1753 de
677 1698 800 1754 tota
826 1694 1054 1756 Frereti
1098 1696 1447 1774 quaestione
1499 1695 1638 1774 quid
1684 1694 2056 1757 statuendum
2100 1695 2179 1755 sit
2221 1694 2339 1755 iam
2387 1709 2564 1754 nemo

382 1800 498 1860 erit
519 1807 658 1880 puto
681 1802 780 1881 qui
810 1795 1091 1883 ambigat.
1127 1802 1371 1865 Duabus
1390 1804 1549 1864 enim
1575 1802 2026 1865 demonstrandi
2066 1803 2181 1864 viis
2229 1802 2387 1865 idem
2434 1801 2564 1864 fere

379 1915 717 1971 assecutum
760 1927 828 1971 se
869 1911 1185 1991 opinatur,
1249 1928 1494 1991 quarum
1538 1910 1782 1973 alteram
1825 1911 1996 1973 iustis
2044 1910 2409 1992 argumentis
2454 1928 2565 1971 ca-

381 2034 521 2078 rere
562 2035 760 2098 neque
804 2019 880 2081 ab
927 2020 1060 2100 ipso
1105 2020 1306 2100 magni
1353 2019 1565 2081 haberi
1611 2025 1897 2099 apparet,
1940 2018 2125 2081 altera
2165 2036 2375 2080 errore
2417 2018 2565 2079 niti-

256 2135 265 2148 *
384 2129 480 2187 tur
508 2126 846 2188 manifeste.
907 2125 1028 2191 Sed
1075 2126 1416 2207 diligentius
1444 2127 1673 2188 Frereti
1717 2127 1985 2188 rationes
2028 2131 2297 2212 tractare·
2336 2142 2559 2205 operae

385 2234 638 2313 pretium
686 2233 863 2312 duxi,
910 2252 1083 2315 cum,
1127 2239 1191 2295 ut
1234 2233 1309 2294 de
1362 2233 1494 2294 aliis
1536 2239 1803 2311 taceam,
1845 2252 1879 2295 a
1916 2233 2080 2309 viro,
2125 2233 2293 2294 cuius
2340 2233 2559 2313 magna

390 2349 482 2404 est
511 2344 855 2426 auctoritem,
884 2359 1252 2424 magnopere
1269 2341 1866 2424 laudatasvidissem,
1897 2341 1962 2402 C.
1978 2342 2071 2403 Fr.
2095 2341 2455 2404 Hermanno.
2500 2341 2560 2404 Is

394 2452 548 2511 enim
593 2451 650 2512 in
686 2451 1141 2513 Zimmermanni
1179 2451 1520 2512 Diariorum
1566 2449 1889 2525 (Zeitsohr.
1922 2448 1963 2513 f.
1996 2448 2563 2528 Alterthumswiss.)

291 2541 295 2545 ’
394 2564 556 2621 tomo
585 2559 629 2621 1.
675 2575 835 2620 anno
885 2559 1065 2627 1834.
1109 2557 1271 2620 edito
1317 2558 1581 2620 Herbstii
1628 2557 1885 2620 libenum
1934 2574 2373 2639 censens-pag.
2417 2557 2561 2620 363.

389 2666 748 2745 „Clintons“‚
770 2668 980 2747 inquit,
1007 2666 1462 2747 „Berechnung,
1507 2665 1604 2728 die
1621 2666 1981 2747 Protagoras
2000 2665 2129 2728 Tod
2152 2665 2245 2727 ins
2261 2665 2408 2727 Jahr
2437 2662 2563 2728 404

378 2781 554 2853 setzt‚
603 2793 732 2838 war
771 2775 1004 2837 freilich
1048 2774 1243 2837 ka‘um
1270 2774 1382 2837 der
1422 2774 2007 2855 Beriicksichtigung
2050 2762 2259 2835 w'erth.
2347 2775 2560 2854 Dage-

376 2902 497 2966 gen
546 2884 648 2946 hat
692 2886 897 2946 Freret
957 2885 1180 2946 bereits
1240 2884 1347 2944 das
1387 2882 1534 2945 Jahr
1578 2880 1701 2944 410
1758 2882 1866 2954 auf
1917 2899 1989 2945 so
2035 2879 2367 2944 natiirliche
2435 2882 2558 2943 und

372 2992 646 3074 gesunde
687 2993 896 3054 Weise
944 2991 1448 3073 herausgestettt‚
1515 2991 1658 3052 dass
1716 2991 1829 3053 wir
1885 2991 1997 3054 auf
2043 2993 2214 3053 seine
2257 2989 2558 3052 Widerle-

373 3118 543 3181 gung
586 3100 775 3162 dur‘ch
815 3101 1010 3162 Herrn
1039 3100 1257 3161 Herbst
1301 3097 1445 3161 sehr
1482 3105 1781 3180 gespannt
1822 3103 2086 3164 waren.“
2169 3098 2345 3162 Adde
2392 3100 2560 3161 eius-

374 3207 511 3269 dem
573 3208 778 3270 histor.
834 3207 1049 3288 philoS.
1097 3208 1237 3270 Plat.
1296 3213 1439 3268 tom.
1482 3206 1528 3268 1.
1573 3224 1711 3288 pag.
1752 3208 1876 3270 48:
1945 3206 2149 3287 „Doch
2198 3207 2418 3288 glaube
2459 3207 2558 3270 ioh

371 3317 479 3377 mit
522 3315 875 3404 ziemlioher
911 3315 1248 3380 Sicherheit
1290 3313 1400 3375 der
1444 3314 1778 3396 Reohnung
1825 3332 1943 3376 von
1986 3316 2192 3377 Freret
2234 3316 2438 3396 folgen
2482 3334 2558 3377 zu

376 3422 613 3502 diirfen,
653 3423 910 3486 wonach
935 3422 1067 3484 sein
1089 3422 1216 3484 Tod
1260 3421 1486 3484 bereits
1527 3421 1622 3482 ins
1637 3419 1784 3483 Jahr
1803 3421 1928 3484 410
1952 3440 2063 3485 vor
2088 3422 2351 3484 Christus
2378 3421 2559 3485 salim

1368 3609 1436 3679 §-
1485 3606 1542 3666 2.

500 3750 672 3826 Quae
690 3750 947 3813 Iacobus
969 3750 1208 3814 Geelius
1249 3753 1310 3813 in
1357 3750 1608 3815 historia
1637 3753 1848 3816 critica
1877 3750 2277 3832 sophistarum
2309 3753 2385 3815 de
2404 3753 2553 3817 Pro-

373 3863 624 3940 tagorae
651 3866 848 3922 aetate
890 3859 1147 3936 disserit,
1187 3861 1246 3921 in
1272 3876 1348 3921 eo
1372 3860 1609 3942 quidem
1634 3879 1766 3922 oum
1793 3861 2020 3923 Frereti
2049 3865 2558 3927 commentatione

376 3973 733 4048 congruunt,
774 3967 932 4048 quod
959 3968 1286 4048 sophistam
1323 3970 1452 4048 ipse
1477 3987 1717 4050 quoque
1740 3987 1899 4031 anno
1927 3971 2066 4034 410.
2088 3979 2379 4033 mortuum
2427 3979 2559 4036 sta-

368 4076 509 4154 tuit3
541 4074 650 4137 sed
677 4076 848 4137 aliam
877 4077 1001 4171 iniit
1025 4076 1471 4139 demonstrandi
1512 4079 1690 4155 viam,
1708 4096 1861 4159 quae
1885 4078 2109 4141 Frereti
2135 4079 2556 4142 ratiocinatio-

377 4200 516 4244 nem
536 4183 775 4246 levitate
797 4185 974 4246 etiam
999 4193 1254 4264 superat.
1281 4185 1429 4248 Nam
1451 4186 1640 4248 Geelii
1668 4190 2032 4270 argumentis
2052 4190 2333 4269 praviora
2356 4191 2557 4250 omni-

378 4308 495 4371 que
523 4291 760 4354 ratione
789 4293 983 4373 magis
1013 4292 1289 4355 destituta
1317 4294 1418 4355 vix
1446 4294 1779 4377 excogitari
1811 4302 2079 4376 possunt.
2122 4296 2296 4370 Quod
2321 4294 2559 4375 quidem
