2975 4959
1254 289 1789 356 —100-

434 480 577 562 Pag.
620 478 762 541 392.
809 477 896 541 C:
942 477 1109 549 Ζεύς
1153 467 1265 538 οὖν
1292 473 1628 556 -Ἑρμῆν
1673 476 1899 553 πέμπει
1950 466 2181 553 ἄγοντα
2223 471 2313 544 εἰς
2352 460 2607 547 ‹zv-‘1006-

434 609 590 659 πους
652 587 815 648 αἰδῶ
873 604 943 646 τε
984 583 1093 646 καί
1134 585 1342 666 δίκην,
1399 583 1475 646 ἵν’
1526 576 1650 644 εἶεν
1696 576 1935 644 πόλεων
1985 577 2201 658 κὸσμοι
2245 599 2311 641 τε
2354 579 2464 641 καί
2505 577 2605 637 δε.

431 692 582 771 σμοί
634 696 851 776 φιλιάς
891 695 1258 771 συναγωγοί.
1343 692 1547 776 ἐρωτᾷ
1603 682 1716 752 οὖν
1767 687 2006 770 “Ερμῆς
2060 686 2231 763 Διά,
2294 686 2429 748 τίνα
2488 674 2601 743 οὖν

431 799 654 883 τρόπον
695 803 836 881 δοιή
879 801 1054 881 δι’κην
1093 801 1203 861 καί
1262 800 1426 862 αἰδῶ
1483 793 1865 878 ἀνθρώποις.
1912 833 1994 843 --
2036 791 2144 858 ἐπὶ
2183 791 2437 869 πάντας,
2477 787 2602 873 ἔφη

434 906 467 970 ὅ
516 904 704 986 Ζεύς,
740 909 856 969 ’καί
899 903 1127 979 πάντες
1166 902 1576 984 μετεχόντων·
1658 903 1737 965 οὕ
1772 900 1897 983 γάρ
1944 895 2023 964 ἄν
2062 902 2333 983 γένοιντο
2374 896 2604 975 πόλεις,

432 1018 494 1079 εἰ
531 1009 724 1095 ὀλίγοι
776 1013 984 1075 αὐτῶν
1042 1014 1369 1092 μετέχοιεν
1429 1006 1642 1091 ὥσπερ
1692 1002 1900 1072 ἄλλων
1941 1009 2197 1089 τεχνῶν.
2244 1045 2324 1057 -—
2373 1006 2594 1068 Iustitia

434 1126 591 1187 enim
637 1131 697 1184 et
739 1123 971 1202 pudore
1026 1123 1212 1182 virtus
1268 1120 1507 1200 politica
1556 1119 1797 1195 nititur,
1862 1134 2057 1198 neque
2116 1117 2214 1197 qui
2280 1114 2396 1178 illis
2439 1120 2606 1177 caret

426 1234 703 1295 virtutem
748 1232 987 1302 haberet
1020 1235 1236 1310 potest.
1323 1227 1442 1290 Cfr.
1486 1244 1621 1306 pag.
1656 1226 1800 1288 323.
1838 1226 1935 1288 A:
1965 1221 2151 1290 Ὅταν
2194 1224 2263 1287 δὲ
2302 1220 2392 1296 εἷς
2437 1245 2601 1300 συμ-

427 1336 666 1420 βουλὴν
712 1339 1027 1417 πολιτικῆς
1069 1336 1294 1417 ἀρετῆς
1331 1331 1548 1410 ἴωσιν,
1608 1328 1679 1414 ἣν
1740 1334 1844 1394 δεῖ
1889 1329 1994 1394 διὰ
2045 1330 2440 1412 δικαιοσύνης
2484 1330 2603 1389 mi·

428 1470 550 1510 σαν
592 1447 749 1510 ἰέναι
797 1442 909 1507 καί
944 1441 1404 1528 σωφροσύνης,
1461 1439 1716 1516 εἰκότως
1755 1437 2025 1513 ἅπαντος
2070 1436 2302 1520 ἀνδρὸς
2345 1436 2601 1518 ἀνέχον-

429 1580 578 1637 ται,
642 1552 725 1625 ὡς
782 1555 973 1625 παντί,
1010 1554 1324 1632 προσῆκον
1376 1547 1611 1632 ταύτης
1656 1571 1725 1629 γε
1770 1536 2055 1628 μετέχειν
2092 1549 2201 1628 τῆς
2239 1547 2492 1627 α’ρετῆς,
2561 1539 2601 1626 ἢ

425 1659 513 1744 μὴ
556 1655 716 1722 εἶναι
756 1657 986 1731 πόλεις.
1014 1697 1093 1711 -
1123 1658 1295 1732 Quae
1322 1676 1454 1720 cum
1485 1655 1826 1720 hominibus
1867 1659 2105 1720 innatae
2127 1658 2267 1732 sint,
2313 1656 2405 1717 sui
2431 1654 2601 1733 ipsae

429 1769 601 1849 quasi
659 1768 945 1829 consciae
1005 1766 1147 1828 fiant
1201 1783 1459 1827 necesse
1503 1772 1596 1827 est
1640 1772 1702 1827 et
1749 1783 1882 1827 cum
1924 1765 2191 1827 scientiis
2233 1762 2598 1826 necessariis

432 1878 788 1938 coniunctae
829 1876 1081 1955 gignant
1129 1877 1400 1936 virtutem
1445 1891 1602 1955 quae
1638 1876 1829 1963 civem
1875 1872 2105 1935 deceat.
2150 1872 2216 1934 ld
2248 1888 2393 1934 vero
2438 1869 2598 1933 haud

426 1984 507 2045 ita
536 1983 710 2044 facile
738 1964 1046 2064 quisq‘uam
1073 1984 1474 2062 consequitur,
1521 1983 1699 2044 immo
1729 1989 1822 2044 est
1860 1982 2120 2045 omnium
2165 1980 2590 2043 difficillimum.

426 2085 567 2173 Pag.
610 2092 751 2154 340.
793 2092 877 2159 E:
946 2088 1172 2154 Πολλὰ
1225 2083 1338 2170 ἄν,
1400 2088 1566 2175 ἔφη,
1609 2093 1859 2169 α’μαθία
1903 2088 1999 2173 εἴη
2042 2090 2153 2154 τοῦ
2195 2091 2495 2172 ποιητοῦ,
2540 2088 2602 2151 εἰ
2641 2170 2644 2173 ¹

423 2196 592 2264 οὕτω
654 2203 903 2286 φαῦλόν
963 2201 1034 2265 τί
1069 2225 1261 2285 φησιν
1306 2195 1467 2264 εἶναι
1524 2200 1638 2283 τὴν
1694 2200 1921 2283 &petav
1979 2203 2316 2281 ἐκτῆσθαι,
2382 2193 2418 2261 ὅ
2464 2201 2595 2262 ἐστι

428 2308 681 2372 πάντων
722 2307 1190 2389 χαλεπώτατον,
1230 2305 1315 2384 ὥς
1360 2305 1560 2372 ἅπασι
1605 2311 1782 2372 δοκεῖ·
1811 2300 2191 2390 ἀνθρώποις.
2278 2308 2484 2372 Studio
2517 2325 2596 2370 80

426 2418 636 2478 labore
680 2435 801 2479 non
845 2420 1065 2497 exiguo
1112 2434 1261 2497 opus
1305 2424 1400 2479 est
1442 2424 1504 2478 et
1551 2418 1853 2499 magistris
1883 2418 2118 2496 peritis,
2168 2418 2378 2496 quibus
2420 2416 2598 2478 duci-

424 2525 538 2587 bus
583 2529 822 2586 innatae
866 2527 999 2587 ittae
1044 2528 1309 2603 virtuteS‚
1351 2526 1545 2606 pudor
1587 2535 1649 2587 et
1689 2528 1929 2603 iustitia,
1972 2525 2343 2601 excolantur,
2385 2531 2446 2585 et
2477 2542 2593 2585 ne-

426 2634 694 2694 cessaria
742 2632 1010 2694 homines
1065 2639 1351 2695 ornentur
1395 2634 1688 2695 doctrinm
1772 2637 1966 2714 Atque
2026 2650 2098 2694 re
2157 2649 2301 2694 vera
2364 2633 2504 2694 inde
2547 2649 2596 2693 a

426 2743 619 2821 primo
686 2743 846 2802 vitae
917 2742 1085 2803 initio
1150 2741 1225 2804 ad
1296 2744 1570 2805 virtutem
1657 2742 2143 2824 cognoscendam
2221 2741 2591 2822 impctlimur.

318 2864 329 2873 “
427 2851 616 2924 Quum
674 2852 925 2931 primum
992 2851 1153 2932 loqui
1219 2855 1416 2914 sciunt
1469 2854 1737 2932 parvuli,
1804 2859 1862 2913 et
1921 2853 2119 2913 nutrix
2178 2858 2239 2912 et
2303 2859 2492 2913 mater
2533 2857 2595 2912 et

422 2959 817 3040 paedagogus
859 2965 1147 3038 paterque
1189 2960 1344 3020 inter
1390 2978 1457 3020 se
1500 2954 1729 3022 certant
1785 2961 2056 3022 edocturi
2099 2960 2268 3036 tuos,
2332 2959 2472 3039 quid
2514 2960 2595 3021 sit

426 3072 663 3144 iustum,
703 3070 998 3146 iniustum,
1040 3070 1371 3147 honestum,
1415 3077 1606 3148 turpe,
1648 3071 1786 3149 quid
1831 3072 1906 3129 sit
1946 3071 2125 3149 pium,
2164 3070 2302 3150 quid
2330 3070 2591 3149 impium,

428 3176 569 3258 quid
617 3175 914 3256 agendum
965 3179 1075 3254 sit,
1134 3178 1272 3257 quid
1316 3178 1634 3238 vitandum,
1726 3177 1957 3239 Deinde
2000 3178 2077 3239 ad
2119 3178 2238 3240 ludi
2273 3180 2594 3260 magistros

431 3285 671 3347 deducti
713 3285 1034 3347 litterarum
1085 3285 1393 3348 elementis
1438 3287 1808 3363 imbuuntur,
1852 3296 1916 3349 ut
1958 3288 2247 3349 bonorum
2290 3295 2596 3369 poetarum

429 3412 643 3455 versus
688 3395 965 3455 ediscere
1005 3401 1067 3455 et
1103 3396 1363 3456 recitare
1406 3396 1669 3474 possint,
1711 3397 1923 3476 quibus
1964 3397 2299 3459 excitentur
2343 3396 2417 3458 ad
2456 3396 2598 3457 imi-

430 3503 648 3564 tandos
693 3505 859 3564 viros
900 3503 1260 3565 carminibus
1309 3504 1662 3564 celebratos.
1731 3505 1878 3566 Arte
1902 3505 2126 3566 musica
2172 3506 2349 3566 animi
2393 3521 2600 3565 eorum

432 3610 708 3690 rhythmo
754 3618 932 3691 atque
979 3610 1286 3672 harmonia
1336 3619 1757 3690 temperantur,
1800 3615 2172 3692 gymnastica
2196 3628 2448 3690 corpora
2490 3612 2598 3673 fir·-

436 3725 685 3799 mantur‚
732 3725 794 3779 ut
834 3720 1037 3780 firmos
1080 3721 1310 3781 animos
1352 3727 1688 3781 sustentare
1727 3720 1982 3784 valeant.
2067 3721 2207 3782 Turn
2244 3736 2389 3782 vero
2414 3720 2603 3782 scho-

433 3826 507 3887 lis
547 3827 770 3887 relictis
810 3827 1251 3908 magistratibus
1294 3846 1476 3888 curae
1523 3834 1634 3901 est,
1678 3836 1743 3890 ut
1782 3828 1949 3909 teges
1993 3836 2054 3889 et
2079 3829 2338 3890 instituta
2366 3827 2598 3909 publica

436 3936 603 3995 cives
644 3934 895 3995 iuvenes
937 3909 1314 4015 cognoscant
1357 3939 1563 4014 eisque
1604 3937 2032 4015 obtemperent.
2102 3937 2221 3999 Sed
2252 3943 2316 3998 ut
2357 3939 2417 3999 in
2467 3937 2597 3999 aliis

433 4043 649 4119 rebus,
711 4043 800 4105 sic
864 4044 926 4104 in
975 4046 1189 4106 virtute
1248 4045 1678 4124 cognoscenda
1735 4047 1967 4125 sibique
2028 4046 2295 4126 paranda
2355 4048 2596 4127 ingenia

438 4150 741 4217 hominurn
779 4159 915 4213 sunt
961 4152 1220 4231 diversa,
1260 4160 1324 4216 ut
1366 4172 1486 4214 non
1530 4157 1604 4216 sit
1647 4155 1996 4231 mirandum,
2040 4156 2603 4217 nonnullos-ceteris

438 4260 738 4321 excettcre
785 4268 845 4322 et
884 4278 1067 4340 saepe
1108 4264 1374 4341 patribus
1417 4262 1572 4325 filios
1614 4281 1751 4325 esse
1791 4265 1972 4324 multo
2019 4264 2356 4326 inferiores.
2440 4264 2619 4325 Sum-

433 4378 592 4429 mum
642 4387 784 4431 vero
834 4376 1190 4432 momentum
1246 4371 1501 4451 positum
1559 4377 1651 4432 est
1703 4372 1761 4433 in
1815 4389 1964 4433 sana
2025 4374 2303 4434 iuvenum
2361 4373 2606 4433 institu-
