2975 4959
1167 306 1767 374 -33--v

1368 542 1440 611 11.

501 690 697 754 Pauca
741 690 966 753 addere
1010 691 1190 756 liceat
1247 689 1325 753 de
1383 690 1656 755 aliorum!
1689 692 2003 763 sententiis
2058 692 2136 756 ad
2180 694 2508 762 Democriti

330 805 586 862 aetatem
628 781 1098 881 pertinentibuS‚
1162 817 1311 883 quas
1357 800 1510 863 locis
1564 800 1680 862 illis
1705 783 2118 883 'cognorimus
2173 821 2350 885 supra
2391 824 2534 888 exa

334 908 594 989 scriptis.
678 908 884 991 Neque
927 909 1083 974 enim
1129 927 1204 972 eo
1263 916 1484 971 tantum
1532 909 1784 983 consilio
1849 909 2123 989 Comini,
2179 912 2533 995 Meinersii‚¹

329 1015 521 1102 Ray-tii
563 1018 690 1098 ipsa
739 1017 926 1079 verba
969 1024 1249 1098 repetere
1289 1017 1493 1096 volui,
1546 1025 1611 1079 ut
1656 1016 1844 1094 Geelii
1891 1036 2090 1100 nugae
2140 1019 2510 1103 detegeren-

334 1130 448 1203 tur,
487 1125 595 1187 sed
639 1132 704 1187 ut
746 1126 1099 1207 praecipuas
1146 1128 1410 1204 virorum
1458 1127 1771 1190 doctorum
1818 1126 1894 1188 de
1921 1127 2246 1202 Democriti
2274 1133 2511 1212 tempo-

339 1232 502 1295 ribus
526 1234 874 1318 ,sententias
917 1251 1035 1314 quo
1078 1234 1206 1295 iure
1251 1234 1647 1314 improbarem
1687 1233 1951 1296 lectores
1996 1235 2238 1298 facilius
2268 1240 2509 1320 perspi-

339 1346 569 1402 cerent.
655 1341 932 1404 Ceterum
992 1341 1048 1403 si
1101 1341 1196 1403 cui
1238 1341 1451 1403 nimius
1476 1340 1634 1403 'esse
1660 1337 1889 1403 'videar
1928 1343 1989 1403 in
2032 1341 2360 1407 Democriti
2400 1363 2506 1407 re.

331 1446 443 1509 bus
485 1447 883 1528 exponendi8‚
921 1465 1057 1511 eum
1105 1450 1390 1516 monitum
1437 1449 1635 1527 velim,
1676 1449 2062 1531 Protagoram
2104 1469 2240 1516 cum
2278 1454 2509 1515 Demo-

333 1558 484 1617 crito
529 1574 564 1617 a
609 1556 807 1618 multis
849 1557 1240 1637 scriptoribus
1288 1564 1349 1618 et
1387 1557 1731 1622 recentibus
1775 1562 1835 1618 et
1884 1558 2139 1639 antiquis
2179 1565 2295 1623 tam
2341 1568 2508 1623 arcte

333 1664 712 1725 coniunctum
750 1662 960 1744 fuisse,
999 1671 1064 1726 ut
1103 1665 1410 1756 sophistae
1451 1680 1576 1725 non
1623 1664 1802 1727 modo
1848 1670 2128 1744 aetatem,
2174 1666 2285 1729 sed
2326 1668 2507 1731 etiam

331 1770 548 1852 piacita
589 1773 830 1835 nonnisi
887 1789 966 1833 ex
1006 1773 1405 1836 Democriteis
1468 1772 1751 1862 illustrari
1811 1790 1995 1853 posse
2055 1774 2506 1840 arbitrarentur.

332 1878 408 1941 Ut
453 1897 630 1941 unum
672 1879 961 1960 afferam,
1016 1880 1265 1959 ‚Geelius
1307 1882 1475 1964 ipse,
1529 1886 1594 1942 ut
1631 1897 1710 1941 ex
1747 1881 2074 1945 Democriti
2115 1889 2311 1945 aetate
2355 1890 2512 1947 tem-

331 2003 473 2067 puS‚
525 2004 644 2069 quo
687 1966 1045 2071 Protagoras
1091 1989 1376 2067 vixisset,
1440 1989 1807 2050 constituere
1848 1989 2075 2067 voluit,
2136 1992 2315 2054 etiam
2370 1992 2522 2073 pla-

338 2095 588 2157 citorum
631 2096 1134 2178 Protagoreorum
1189 2096 1571 2185 fundamenta
1630 2113 1709 2156 ex
1750 2097 2079 2160 Democriti
2136 2095 2513 2181 philosophia

336 2205 592 2283 repetiit.
680 2205 879 2278 Quare
942 2222 1103 2286 ego,
1165 2205 1282 2285 qui
1319 2204 1663 2285 opinionem
1723 2203 1896 2266 istam
1936 2221 2041 2265 ex
2083 2204 2213 2285 ipsa
2272 2213 2513 2287 tempo-

342 2330 474 2375 rum
520 2329 757 2393 quoque
803 2315 1038 2410 ratione
1081 2330 1402 2378 eversurus
1445 2313 1580 2395 sim,
1621 2329 1743 2411 non
1786 2327 2027 2394 possum
2070 2315 2210 2394 quin
2254 2315 2316 2384 in
2355 2315 2514 2379 hanc

333 2437 462 2483 rem
505 2420 823 2502 diligenter
866 2423 1178 2502 inquiram.

320 2519 325 2526 ’
498 2529 752 2591 Primam
795 2531 1030 2593 Corsini
1096 2537 1419 2596 tractemus
1473 2529 2080 2606 demonstrationem,
2137 2546 2295 2611 quae
2347 2530 2512 2594 diffi-

343 2638 519 2701 cilior
575 2639 766 2701 videri
810 2641 1002 2720 possit
1046 2640 1333 2703 refutatu.
1417 2639 1706 2720 Videtur,
1770 2656 1893 2701 non
1952 2644 2063 2702 est.
2146 2639 2325 2702 Anno
2368 2636 2512 2704 496.

340 2747 761 2828 Democritum,
795 2736 1200 2831 natuin’putat
1241 2756 1517 2831 quattuor
1560 2749 1637 2811 de
1696 2752 1896 2811 causis
1959 2747 2167 2811 hisce:
2224 2749 2509 2829 „Primum

337 2855 714 2919 Democritus
787 2874 1099 2939 magorum
1133 2878 1198 2932 ‚a
1253 2859 1458 2921 Xerxe
1517 2875 1676 2919 anno
1722 2856 1865 2923 480.
1931 2855 2194 2919 Abderis
2259 2856 2511 2919 relicto-

336 2982 467 3046 rum
536 2966 873 3046 praeceptis
963 2967 1219 3029 imbutus
1294 2974 1388 3029 est
1424 2987 1444 3044 ;
1536 2965 1754 3028 deinde
1839 2980 1999 3027 anno
2074 2970 2216 3046 post
2275 2964 2515 3028 Troiam

280 3152 300 3165 ἢ
345 3078 579 3151 captam
624 3071 766 3135 730.
828 3073 1038 3137 librum
1107 3074 1402 3154 quendam
1467 3072 1872 3153 conscripsit3
1939 3078 2060 3135 tum
2122 3072 2510 3155 Protagoras,

339 3197 463 3241 non
506 3187 642 3260 post
685 3180 1078 3262 olympiadem
1100 3180 1608 3264 'septuagesimam
1638 3183 1897 3262 quintam
1931 3187 2129 3261 natus,
2177 3180 2508 3246 Democriti

332 3288 441 3349 fuit
482 3288 807 3369 discipulus
822 3309 840 3367 3
892 3290 1193 3353 Diodorus
1238 3292 1495 3371 denique
1542 3307 1701 3352 anno
1748 3287 1889 3353 404.
1931 3307 2138 3352 senem
2176 3291 2507 3372 nonaginta
2593 3265 2599 3280 ¹

332 3412 621 3458 annorum
654 3397 1058 3460 Democritum
1102 3399 1244 3460 dicit
1281 3416 1418 3460 esse
1455 3402 1803 3460 mortuum.“
1829 3434 1907 3449 —-
1958 3389 2315 3464 Historiolas
2358 3398 2505 3458 istas

331 3503 407 3564 de
450 3502 952 3584 splendidissimis
1014 3508 1204 3586 epulis
1259 3524 1688 3589 magorumque
1737 3506 2103 3568 institutione
2135 3521 2221 3571 ex*
2254 3503 2506 3567 aliorum

332 3629 584 3692 meaque
639 3615 938 3676 sententia
994 3615 1177 3678 falsas
1217 3617 1513 3679 esse-iam
1553 3632 1733 3696 supra
1777 3614 2046 3694 exposui.
2153 3611 2276 3674 Alii
2342 3610 2503 3680 enim

327 3719 513 3783 Xerxi
580 3739 658 3784 ex
716 3722 864 3785 Asia
913 3724 974 3785 in
1024 3722 1335 3792 Graeciam
1380 3724 1704 3787 traiicienti
1752 3722 1956 3804 epulas
2019 3719 2151 3783 illas
2210 3719 2507 3787 institutas
2579 3777 2596 3788 .

333 3836 471 3890 esse
516 3828 719 3908 aiunt,
761 3830 862 3892 atii
908 3829 1080 3893 clade
1123 3839 1372 3914 accepta
1410 3833 1472 3894 in
1511 3832 1716 3893 Asiam
1762 3828 2122 3911 refugienti3
2169 3828 2270 3892 alii
2313 3827 2507 3893 Xerxi

338 3935 474 4016 soli,
521 3937 621 3999 atii
665 3938 946 4002 universo
970 3940 1282 4004 Persarum
1325 3939 1650 4017 exercitui3
1695 3938 1793 4000 alii
1815 3938 2145 4000 Democriti
2166 3937 2319 4020 patri
2346 3936 2537 4018 regis.

328 4043 675 4124 excipiendi
717 4045 1015 4110 honorem
1059 4049 1392 4129 contigisse
1436 4047 1697 4124 tradunt,
1741 4046 1840 4107 atii
1867 4045 2253 4127 Protagorae.
2308 4044 2512 4127 Hero·-

326 4153 503 4215 dotus
545 4170 716 4229 vero,
766 4173 942 4237 quem
987 4161 1294 4220 auctorem
1334 4174 1478 4239 prae
1522 4174 1591 4219 se
1638 4154 1875 4233 ierunt,
1921 4161 2104 4222 totam
2150 4172 2278 4217 rem
2323 4153 2511 4235 igno-

317 4267 451 4322 rat.
496 4268 721 4336 tantum
763 4247 929 4328 enini*
964 4266 1122 4345 apud
1167 4283 1303 4328 eum
1345 4266 1639 4347 legimuS,
1696 4269 1978 4358 quantum
2019 4262 2237 4326 sufficit
2277 4260 2357 4324 ad
2404 4260 2504 4324 fa-

316 4368 519 4433 bellae
564 4376 760 4432 ortum
803 4372 1136 4442 divinando
1178 4373 1639 4455 assequendum.
1724 4372 1875 4440 Nam
1908 4371 2207 4435 Laertium
2235 4366 2511 4432 Herodot

2037 4501 2042 4506 “
2072 4490 2115 4556 3
