2975 4959
1272 287 1921 359 ...130--.

1299 626 1607 678 cml-11¹1·
1654 624 1803 674 111.

667 789 788 854 Sed
865 789 1039 851 aliam
1111 805 1350 871 quoque
1417 788 1748 851 studiorum
1815 785 2337 869 grammaticorum
2404 770 2643 865 partem'

459 901 825 981 Protagoras
867 897 1158 961 tractabat
1200 898 1435 961 ratione
1493 914 1616 959 non
1673 896 1869 959 minus
1927 911 2103 959 nova.
2189 894 2629 970 Primus-enim

458 1011 513 1072 is
581 1009 644 1073 in
712 1006 1032 1068 verborum
1102 1007 1329 1067 formas
1393 1004 1713 1095 inquisivit.
1829 1004 2024 1084 Atque
2094 1002 2170 1065 de
2236 1003 2629 1065 nominum

454 1117 931 1200 generibus
998 1115 1366 1196 potissimum
1413 1114 1774 1194 disputabat.
1890 1112 2103 1175 Omnia
2164 1113 2324 1175 enim
2384 1111 2628 1173 nomina

456 1243 597 1289 esse
642 1225 846 1289 statuit
891 1229 994 1297 aut
1063 1215 1301 1305 ἄρρενα
1366 1217 1718 1303 aut-‘biam
1768 1228 1867 1284 aut
1906 1215 2118 1304 σκεύη.
2202 1220 2333 1285 vid.
2378 1223 2627 1284 Aristot.

452 1335 700 1399 Rhetor.
743 1333 844 1399 lib.
886 1332 984 1396 111.
1034 1350 1164 1413 cap.
1204 1334 1257 1394 5.
1312 1338 1485 1409 (tom.
1519 1331 1589 1393 11.
1638 1349 1778 1413 pag.
1812 1329 1989 1392 1407.
2035 1329 2298 1405 Betim:
2345 1332 2629 1408 Πρωτα-

453 1440 651 1527 γόρας
715 1442 792 1504 τοὶ
856 1441 1004 1523 γένη
1062 1444 1191 1504 τῶν
1249 1435 1577 1519 ὀνομάτων
1643 1439 1896 1524 διῄρει,
1962 1429 2197 1520 ἄρρενα
2259 1440 2370 1499 καί
2424 1440 2626 1517 θήλεα

454 1553 561 1614 καί
617 1550 830 1632 σκεύη,
916 1550 1022 1612 δεῖ
1054 1546 1177 1630 γὰρ
1239 1544 1617 1613 ἀποδιδόναι
1682 1551 1791 1610 καί
1848 1549 2050 1610 ταῦτα
2109 1546 2351 1628 ὀρθῶς·
2452 1545 2520 1628 „15
2568 1546 2629 1608 δ’

455 1657 736 1720 ἐλθοῦσα
794 1658 905 1721 καί
959 1657 1372 1737 διαλεχθεῖσα
1420 1646 1670 1742 ᾤχετοα.
1761 1655 1993 1733 Deinde
2046 1655 2196 1718 alias
2239 1673 2451 1716 vocum
2496 1661 2632 1717 ter·

457 1765 818 1839 minationes
860 1763 1202 1827 masculinis
1251 1765 1444 1839 magis
1489 1765 1763 1845 proprias
1807 1782 1945 1829 esse
1998 1764 2393 1842 observabat,
2438 1768 2501 1825 ut
2539 1783 2629 1840 ος,

459 1895 553 1951 ας,
584 1871 906 1953 w9,‘alias
951 1872 1276 1948 femininiS,
1318 1880 1381 1935 ut
1424 1896 1481 1955 η,
1528 1900 1589 1950 α,
1632 1895 1812 1936 aava:
1843 1872 1919 1935 de
1960 1890 2078 1955 quo
2108 1873 2224 1935 vid.
2254 1872 2561 1952 Aristoph.
2589 1870 2633 1932 1:

458 1981 614 2057 insui
662 1982 785 2044 ind.

575 2089 701 2152 Nec
739 2107 886 2152 vero
925 2089 1025 2151 hic
1067 2089 1280 2170 pedem
1319 2089 1543 2152 sistens
1575 2070 1911 2170 disquisivit
1931 2089 2005 2150 de
2027 2089 2400 2166 diversorum
2432 2104 2621 2169 gene-

450 2215 580 2261 rum
603 2200 857 2280 origine.
901 2199 1033 2272 Quo
1058 2198 1275 2259 factum
1303 2205 1485 2261 estut
1528 2199 1905 2279 intelligeret,
1953 2214 2074 2260 non
2099 2215 2237 2259 esse
2266 2197 2481 2278 cuique
2506 2211 2627 2257 no·-
2675 2228 2678 2231 >

452 2307 595 2368 mini
617 2306 676 2368 id
700 2323 894 2387 genus
917 2305 1158 2387 linguae
1188 2324 1300 2368 usu
1341 2306 1746 2382 constitutum,
1791 2305 1973 2388 quod,
2015 2307 2066 2367 si
2091 2305 2453 2386 significatio
2498 2305 2628 2366 eius

459 2420 854 2495 spectaretur,
877 2414 960 2476 illi
985 2432 1052 2477 re
1076 2432 1223 2477 vera
1255 2416 1626 2480 conveniret.
1671 2415 2027 2476 Animalium
2055 2416 2212 2476 enim
2242 2415 2488 2476 marium
2516 2429 2637 2474 no-

453 2523 712 2585 minibus
746 2522 1073 2584 convenire
1092 2539 1286 2603 genus
1310 2523 1733 2599 masculinum3
1781 2523 2198 2586 femininorum
2247 2522 2629 2597 femininum3
2685 2598 2696 2608 .

455 2648 654 2695 rerum
676 2632 793 2693 vita
813 2631 1073 2712 ideoque
1098 2648 1247 2693 sexu
1274 2633 1627 2710 carentium,
1653 2649 1806 2713 quae
1826 2630 2068 2693 dicebat
2091 2629 2170 2693 τὰ
2198 2629 2408 2709 σκεύη,
2434 2645 2629 2711 neque

453 2740 845 2805 masculinum
873 2757 1069 2821 neque
1093 2739 1435 2803 femininum
1478 2758 1673 2822 genus
1701 2758 1842 2810 esse
1871 2740 2205 2821 proprium:
2252 2738 2631 2801 nihilominus

456 2850 518 2910 in
542 2848 769 2931 illarum
795 2866 1031 2928 quoque
1053 2849 1290 2911 nomina
1313 2866 1495 2929 saepe
1520 2850 1862 2913 alterutrum
1883 2867 2079 2930 genus
2105 2866 2244 2910 esse
2265 2848 2631 2926 translatum,

457 2955 539 3018 ita
587 2957 846 3035 quidem,
885 2963 950 3018 ut
994 2975 1147 3036 quae
1190 2959 1432 3020 nomina
1476 2976 1578 3021 res
1605 2959 2029 3040 ‘significarent
2076 2974 2365 3039 magnas,
2409 2957 2633 3037 firmas,

458 3081 718 3145 graves,
775 3064 1037 3127 fortasse
1079 3068 1254 3127 etiam
1300 3083 1452 3146 quae
1498 3067 1574 3126 ad
1624 3069 1787 3129 viros
1829 3068 2198 3147 potissimum
2245 3067 2636 3146 pertinerent,

408 3174 545 3247 ,eis
591 3172 959 3234 tribueretur.
1008 3189 1204 3255 genus
1266 3175 1693 3251 masculinum3
1760 3193 1914 3255 quae
1959 3193 2109 3238 vero
2164 3175 2427 3237 leviores
2494 3193 2633 3238 mu-

456 3281 787 3363 lierumque
817 3282 1009 3363 magis
1051 3288 1302 3345 naturae
1346 3284 1591 3360 similes,
1638 3284 2003 3347 femininum.
2053 3284 2412 3347 -Masculina
2457 3285 2637 3365 igitur

459 3391 589 3453 iure
631 3408 772 3453 esse
818 3386 977 3471 ἆνήρ
1005 3436 1025 3468 ,
1083 3387 1287 3473 Ζεύς,
1340 3389 1766 3470 Κλεώνυμος,
1829 3391 2127 3473 ποιητής,
2176 3391 2421 3473 πατήρ,
2474 3386 2635 3468 υἱός,

458 3501 649 3579 λέων,
706 3494 885 3562 etiam
937 3495 1256 3582 ποταμός,
1299 3499 1637 3576 σκόπελος,
1683 3500 1904 3582 πόνος,
1954 3494 2188 3581 ὕπνος,
2219 3499 2385 3576 -alia3
2455 3497 2635 3561 femi-

461 3609 603 3669 nina
645 3603 843 3688 γυνή,
875 3598 1079 3688 “Hom
1111 3605 1355 3690 μήτηρ,
1394 3602 1698 3689 θυγάτηρ,
1744 3610 1960 3672 λέαινα
1985 3655 2004 3689 ,
2049 3624 2290 3673 necnon
2332 3607 2431 3688 γῆ,
2478 3602 2642 3690 φόρ-

460 3719 607 3794 μιγξ
636 3762 654 3794 ,
719 3721 991 3795 χλαῖνα,
1040 3715 1335 3794 ’tubuas
1370 3714 1603 3797 λάχνη,
1668 3716 1967 3796 multaque
2012 3716 2149 3778 alia.
2232 3715 2353 3778 Sed
2398 3731 2640 3777 errasse

463 3818 705 3904 linguae
735 3842 926 3902 usum,
960 3824 1121 3904 quod
1165 3824 1370 3905 μῆνις,
1413 3824 1626 3906 πήληξ,
1672 3824 1809 3902 alia,
1859 3823 2139 3887 feminina
2183 3825 2465 3887 fecisset:
2508 3842 2644 3885 ma·-

460 3930 688 3993 sculina
757 3937 953 3993 autem
992 3928 1137 4012 γόος
1185 3936 1245 3992 et
1287 3947 1441 4011 quae
1484 3939 1621 3994 sunt
1663 3932 1897 3995 similia.
1984 3933 2151 4006 Quae
2191 3950 2343 3994 =vero
2389 3932 2641 3994 dicimus

370 4042 377 4053 '
462 4057 600 4101 esse
647 4040 892 4120 generis
937 4042 1306 4116 commum,
1360 4057 1434 4102 ea
1475 4042 1536 4105 in
1577 4044 1668 4102 rei
1718 4048 1987 4104 naturam
2037 4060 2240 4122 parum
2288 4041 2641 4117 convenire,

460 4147 757 4227 siqnidem
798 4146 1014 4208 nullius
1057 4149 1137 4211 sit
1176 4147 1459 4210 animalis·
1491 4166 1673 4211 sexus
1714 4147 2071 4211 masculinus
2118 4149 2502 4228 eiusdemque
2546 4147 2645 4208 fe..

463 4257 755 4331 minirum.
792 4257 901 4318 sed
921 4254 1166 4318 alterius
1184 4256 1573 4332 masculinuS,
1614 4256 1854 4318 alterius
1882 4255 2218 4320 femininus,
2237 4298 2317 4309 --
2339 4257 2505 4332 Quae
2525 4273 2643 4318 ex-

455 4359 675 4448 positio
720 4373 926 4428 nostra
959 4363 1173 4445 quibus
1213 4365 1742 4429 nitatur-veterum
1767 4365 2121 4431 testimoniis
2155 4368 2272 4428 iam
2294 4364 2633 4447 explicabo.
