2975 4959
1202 281 1818 379 .-1⁷0-,-

478 460 565 537 ὥς
611 464 1034 546 ἐπιδημοῦντα
1080 463 1390 526 induxisse
1444 463 1687 543 Eupolis
1745 461 1979 524 dicitur.
2067 462 2172 527 His
2232 463 2411 543 igitur
2473 463 2647 545 frag...

470 575 688 636 mentis
730 610 810 621 --
856 589 1004 632 nam.
1037 571 1166 633 aliis
1215 590 1292 633 ne
1331 571 1663 632 Meinekius
1702 571 1939 649 quidem
1991 570 2067 631 ad
2111 570 2229 631 hoc
2273 570 2641 649 probandum
2696 580 2704 591 “

462 685 648 746 utitur
693 718 772 727 —-
819 680 1204 760 Protagoram
1248 680 1540 740 acerrime
1586 680 1946 760 exagitatum
2011 696 2148 739 esse
2192 679 2321 760 quis
2376 679 2651 741 dixerit?

470 789 649 863 Quod
693 787 922 849 etiamsi
966 786 1213 848 fecisset
1252 784 1536 865 EupoliS,
1595 787 1914 865 parasitum
1962 803 2094 846 eum
2142 802 2209 847 re
2266 803 2410 847 vera
2455 787 2640 848 fuisse

470 877 941 972 uocltodm'ptova
981 894 1091 954 καί
1132 890 1742 974 ταγηνοκνισοθήραν
1766 939 1785 970 ,
1842 894 1940 973 qui
1985 910 2098 953 nec
2142 893 2304 954 ferro
2353 910 2469 956 nec
2514 896 2641 975 igni

468 1004 544 1064 ab
598 1001 784 1081 epulis
830 1001 1130 1063 removeri
1170 1006 1412 1080 posset,
1472 998 1577 1062 vix
1621 1000 1763 1061 inde
1805 1000 2152 1081 colligeret,
2197 995 2294 1080 ‘qui
2337 1008 2398 1062 et
2439 1003 2635 1064 comi-

466 1128 674 1171 corum
736 1113 979 1170 omnino
1025 1099 1313 1169 rationem
1369 1114 1429 1168 et
1468 1107 1774 1188 Eupolidis
1823 1109 2133 1170 consilium
2176 1109 2397 1172 Calliae
2441 1110 2642 1173 sabula

366 1244 369 1247 ·
470 1216 762 1280 irridendi
801 1194 1162 1296 compertum
1204 1216 1476 1299 haberet.

564 1340 569 1345 ·
637 1325 871 1387 Plurimi
934 1327 1302 1386 aestimatam
1364 1326 1553 1386 fuisse
1603 1325 1975 1406 ¹Protagorae
2030 1325 2453 1387 institutionem
2507 1343 2643 1387 ma-

446 1424 705 1516 'gnaque
751 1452 986 1514 semper
1028 1433 1445 1513 discipulorum
1485 1433 1854 1495 multitudine
1898 1433 2139 1494 scholas
2185 1435 2313 1495 eius
2345 1433 2633 1513 frequen-

466 1548 626 1604 tatas
654 1559 732 1602 ex
753 1542 947 1602 multis
973 1543 1325 1620 scriptorum
1353 1541 1505 1601 locis
1525 1541 1866 1621 planissime
1894 1542 2155 1621 apparet.
2191 1540 2317 1602 vid.
2339 1559 2478 1622 pag.
2504 1541 2643 1603 161.

473 1650 667 1729 Atque
710 1656 872 1710 tanta
915 1649 1013 1709 ille
1052 1650 1270 1728 pietate
1298 1648 1625 1726 colebatur,
1664 1647 1881 1710 utPlat.
1907 1649 2073 1728 Reip.
2097 1648 2196 1711 lib.
2222 1648 2297 1710 X.
2342 1667 2476 1729 pag.
2496 1632 2637 1711 600.

464 1757 543 1834 C,
587 1757 637 1817 D
682 1758 739 1817 in
786 1758 876 1817 eis
926 1763 1326 1833 memoretur,
1372 1774 1524 1835 quos
1566 1758 1871 1818 auditores
1914 1763 2138 1817 tantum
2177 1775 2300 1817 non
2345 1757 2671 1837 capitibus·

460 1865 781 1946 *portarinh
865 1864 931 1926 ld
987 1864 1146 1944 quod
1187 1864 1383 1944 lepide
1456 1865 1745 1927 describit
1785 1865 1949 1926 Plato
1993 1865 2148 1927 Prot.
2190 1883 2327 1946 pag.
2370 1865 2512 1927 315.
2556 1868 2634 1941 A,

456 1973 590 2052 ubi,
611 1979 919 2052 postquam
965 1973 1274 2034 auditores
1307 1991 1437 2034 cum
1460 1973 1783 2054 Protagora
1825 1974 1884 2034 iu
1908 1972 2129 2035 Calliae
2169 1975 2401 2053 porticu
2425 1973 2637 2034 deam-

463 2081 735 2167 bulauies
785 2083 1108 2158 recensuit,
1164 2076 1415 2143 Τούτων
1461 2082 1562 2159 δέ,
1608 2083 1814 2161 inquit,
1860 2080 1925 2142 ot*
1967 2070 2230 2141 ὄπιὸθεν.
2250 2078 2636 2161 ἠκολούθουν

463 2185 870 2260 ἕπὰκούοντες
893 2189 1014 2251 τῶν
1035 2189 1394 2269 λεγομένων,
1445 2186 1515 2250 τό
1560 2189 1677 2266 μὲν
1717 2185 1875 2249 πολὺ
1922 2189 2084 2262 ξένοι
2127 2181 2481 2270 ἐφαίνοντο,
2525 2182 2636 2260 οθς

459 2288 600 2375 ἄγει
641 2287 1019 2371 ἐξ·ἑκιέστων
1061 2297 1183 2355 τῶν
1225 2291 1464 2356 πόλεων
1513 2292 1544 2356 ὅ
1585 2290 2023 2375 Πρωταγόρας
2064 2293 2144 2354 δι’
2187 2282 2273 2354 ὧν
2325 2294 2635 2372 διεξέρχε-

457 2382 559 2464 ‘rac
604 2403 805 2482 κηλῶὑ
845 2403 916 2485 τῇ
960 2403 1144 2484 φωνῇ
1192 2395 1401 2480 ὥσπερ
1441 2401 1751 2483 Ὀρφεύς,
1812 2398 1869 2461 οἱ
1931 2399 2006 2462 δὲ
2041 2397 2199 2462 κατὰ
2252 2397 2363 2481 τὴν
2418 2397 2642 2484 φωνήν

459 2504 710 2570 &nonai
752 2507 1176 2590 κὲκηλημένοι·
1220 2500 1383 2589 ἦσαν
1427 2511 1497 2571 δέ
1541 2531 1703 2581 τινες
1743 2510 1852 2571 καί
1889 2508 2015 2571 τῶν
2054 2508 2411 2590 ἐπιχωρίων
2454 2510 2519 2570 ἐν
2547 2510 2638 2594 τῷ

359 2670 368 2677 ,
454 2616 652 2698 χσρῷ.
720 2617 957 2677 '‘t'ofi'to'r
998 2611 1109 2677 τὸν
1149 2615 1339 2695 χορὸν
1379 2609 1654 2694 μάλιστα
1696 2613 1887 2695 ἔγωγε
1934 2613 2087 2678 ἰδών
2128 2609 2348 2698 ἥσθην,
2392 2612 2477 2687 ὥς
2519 2639 2633 2676 κα-

462 2723 586 2796 λιὸς
653 2714 1032 2801 εὔλαβοῦντο
1090 2724 1399 2804 μηδέποτε
1457 2712 1749 2800 ἐμποδών
1806 2719 1872 2785 ἐν
1930 2723 2017 2807 τῷ
2072 2718 2426 2804 ἔμπροσθεν
2474 2715 2635 2784 εἶναι

462 2825 922 2911 Πρωταγόρου,
966 2828 1102 2891 ἀλλ’
1138 2826 1353 2910 ἐπειδὴ
1403 2829 1587 2902 αότὸς
1630 2831 2007 2914 α’ναστρέφοι
2051 2830 2157 2891 καί
2203 2826 2261 2892 οἱ
2304 2830 2438 2907 μετ’
2475 2832 2633 2892 ἑκεί-

459 2958 592 3016 νου,
638 2929 714 2999 εὖ
745 2960 874 3010 πως
916 2938 1022 2999 καί
1060 2940 1126 3000 ἐν
1168 2938 1380 3022 κόσμῳ
1422 2940 1886 3016 περιεσχίζοντο
1932 2930 2107 3001 οὗτοι
2152 2936 2208 3000 οἱ
2251 2932 2492 3016 ἐπήκοοι
2538 2933 2637 2998 ἔν-

458 3047 572 3105 θεν
611 3046 735 3104 -καί
781 3040 1003 3121 ἔνθεν,
1070 3047 1177 3104 καί
1233 3045 1298 3105 ἐν
1339 3042 1546 3129 κύκλῳ
1591 3046 1931 3125 περιιόντες
1980 3043 2086 3106 ἀεὶ
2124 3046 2213 3117 εἷς
2255 3042 2323 3107 τὸ
2372 3036 2641 3106 ὄπισθεν

459 3147 840 3212 καθίσταντο
901 3150 1225 3210 κάλλιστα.
1321 3151 1700 3230 Nequaquam
1765 3151 1947 3232 igitur
2000 3151 2364 3233 Protagorae
2423 3152 2640 3212 talibus

462 3272 613 3336 opus
670 3250 800 3317 erat
863 3252 1201 3339 illecebris,
1262 3256 1472 3336 quibus
1517 3256 1828 3320 Herbstius
1882 3276 2021 3339 pag.
2069 3260 2203 3324 133.
2268 3275 2400 3319 eum
2461 3276 2633 3319 usum

461 3381 600 3426 esse
645 3365 1032 3452 calumniatur
1092 3363 1168 3426 ad
1223 3372 1503 3444 parentes
1558 3372 1621 3427 ut
1675 3366 1844 3433 filios
1885 3367 1997 3428 sihi
2043 3365 2347 3428 traderent
2388 3384 2637 3444 permo-

459 3474 722 3534 vendos:
770 3473 963 3551 „weil
1005 3474 1152 3534 aber
1191 3472 1399 3542 solche
1436 3472 1759 3555 ‘Junglinge
1799 3474 2228 3536 meistentheils
2268 3474 2426 3536 noch
2468 3474 2632 3536 nicht

462 3582 849 3662 unabha‘ugig
910 3598 1151 3657 waren,
1211 3598 1281 3643 so
1322 3566 1440 3662 gab
1488 3599 1557 3643 er
1595 3582 1659 3642 in
1704 3582 1839 3643 dem
1880 3583 2218 3664 Programm
2263 3584 2465 3644 seines
2503 3581 2638 3643 Uu-

462 3689 784 3766 terrichtS‚
849 3708 944 3751 um
991 3689 1120 3751 sich
1179 3688 1294 3750 den
1339 3690 1586 3750 Aeltern
1646 3691 1982 3772 angenehm
2048 3708 2121 3751 zu
2184 3691 2480 3767 macheu,
2544 3691 2640 3752 als

460 3786 801 3857 besondere
844 3797 1041 3859 Lehre
1081 3798 1233 3858 auch
1282 3797 1378 3858 die
1425 3810 1524 3875 an,
1570 3798 1710 3860 dass
1754 3817 1821 3860 er
1866 3799 1982 3860 den
2024 3798 2282 3860 Kindern
2308 3798 2629 3860 Ehrfurcht

460 3904 583 3964 und
627 3903 811 3964 Liebe
857 3922 1057 3985 gagen
1107 3902 1205 3965 die
1247 3907 1493 3968 Aeltern
1538 3906 1903 3969 heinrachte.
1950 3908 2130 3968 mese
2171 3907 2387 3967 beiden
2404 3888 2632 3984 ua'upt-
2687 3944 2690 3949 ·

462 4011 689 4083 lehren‚
731 4009 839 4071 des
882 4012 1526 4093 Entgegensprechens
1571 4012 1692 4074 und
1736 4014 2153 4083 Processirens
2193 4015 2314 4073 und
2377 4014 2473 4073 die
2523 4012 2642 4074 der

462 4110 885 4193 Aelternliebe‚
938 4138 1051 4181 von
1102 4120 1297 4182 denen
1343 4120 1440 4181 die
1483 4130 1716 4182 erstern
1763 4121 1949 4182 durch
1998 4121 2143 4182 alles
2187 4126 2388 4199 spiiter
2426 4121 2632 4182 Anzu-

460 4226 752 4287 suhrende
808 4229 927 4287 und
989 4229 1153 4288 diese
1207 4230 1387 4290 durch
1438 4230 1575 4288 eine
1618 4246 1855 4307 genaue
1896 4228 2265 4309 Mittheilung
2309 4227 2417 4288 des
2462 4226 2632 4288 Plato

459 4328 642 4410 (Men.
689 4352 823 4417 pag.
869 4337 1001 4411 91.)
1047 4338 1340 4398 erwiesen
1383 4316 1558 4413 sind,
1596 4337 1793 4416 geben
1835 4336 2147 4417 zugleich,
2190 4354 2259 4398 so
2303 4354 2377 4397 zu
2420 4352 2641 4416 sagea,
