2975 4959
1316 288 1808 360 ...76-

480 491 708 538 cetone
736 480 800 537 et
825 475 1100 558 Diogene
1138 483 1547 560 congruentes
1584 479 1777 558 ipsum
1819 476 2037 539 finibus
2081 475 2385 558 expulsum
2427 477 2654 539 libros-

474 600 591 664 que
635 585 766 646 eius
811 585 1156 648 combustos
1204 603 1343 670 esse
1387 592 1635 648 narrant
1673 584 1894 648 Euseb.
1947 587 2151 665 Praep.
2197 586 2302 647 Ev.
2351 585 2452 647 lib.
2500 584 2652 649 XIV.

474 709 607 772 cap.
637 692 729 755 19.
777 687 939 774 (Τόν
974 692 1051 773 ,δὲ
1098 689 1545 774 Πρωταγόραν
1588 730 1671 743 —-
1709 693 2038 775 Ἀθηναῖοι
2087 695 2258 779 φυγῇ
2302 690 2656 774 ζημιώσαν-

471 820 576 874 τες
615 792 733 870 τοῖς
771 797 1030 877 βίβλους
1077 799 1276 860 αὐτοῦ
1318 801 1590 884 δημοσίᾳ
1650 800 1718 861 ἐν
1759 802 1919 885 μέσῃ
1974 801 2053 884 τῇ
2111 801 2315 884 α’γορᾷ
2356 801 2657 860 κατέκαυ-

471 905 663 987 σαν),
707 904 1002 967 Minucius
1039 905 1160 968 Fet.
1204 906 1416 969 Octav.
1460 924 1591 988 cap.
1643 906 1814 988 vlu,
1871 907 2212 978 Lactantius
2253 907 2326 969 ir.
2369 907 2478 969 De.
2522 921 2656 985 cap.

474 1011 582 1091 lx,
623 1011 881 1076 Ioannes
920 1014 1145 1077 Sarisb.
1190 1014 1399 1079 Policr.
1444 1018 1544 1080 lib.
1563 1016 1642 1080 ·V.
1691 1034 1823 1098 cap.
1856 1016 1955 1104 lv:
1999 1033 2138 1098 pag.
2167 1016 2307 1079 261.
2339 1015 2437 1076 ed.
2462 1014 2649 1095 Lugd.

472 1120 604 1183 Bat.
654 1121 832 1204 1639.
919 1122 1092 1218 Cotnf.
1142 1122 1336 1187 Valer.
1376 1125 1534 1189 Max.
1588 1126 1789 1189 locum
1832 1125 1934 1187 lib.
1980 1124 2050 1188 11.
2102 1143 2235 1206 cap.
2279 1125 2347 1187 11.
2411 1126 2651 1187 indica-

475 1233 617 1291 tum.
702 1229 824 1293 Sed
886 1237 1078 1294 morte
1144 1233 1602 1296 condemnatum
1671 1251 1811 1298 esse
1861 1216 2062 1296 dicunt
2106 1233 2391 1313 Iosephus
2433 1250 2487 1295 ο.
2533 1231 2651 1312 Ap.

468 1337 575 1400 lib.
616 1335 691 1400 Π.
737 1355 870 1418 ουρ.
914 1338 1015 1403 37.
1082 1342 1257 1416 (Καὶ
1315 1339 1799 1426 Πρωταγόρας,
1865 1342 1927 1406 εἷ
1982 1342 2071 1423 μὴ
2131 1344 2364 1404 θᾶττον
2425 1335 2643 1423 ἔφυγε,

470 1445 860 1530 συλληφθείς
919 1440 998 1510 ἄν
1052 1448 1438 1532 ἐτεθνήκει),
1514 1452 1729 1513 Sextus
1788 1450 1954 1531 Emp.
1999 1450 2132 1514 adv.
2177 1450 2360 1512 Math.
2404 1449 2503 1511 lib.
2544 1449 2646 1511 lX.

472 1564 531 1633 §.
577 1552 681 1617 56.
755 1555 964 1639 (Παρ’
1022 1551 1100 1635 ἢν
1157 1557 1367 1619 αἰτίαν
1430 1556 1708 1622 θάνατον
1766 1558 1969 1621 affro&
2031 1559 2650 1641 καταψηφισαμένων

469 1662 598 1725 τῶν
633 1660 988 1743 Ἀθηναίων
1027 1659 1362 1748 διαφυγών
1418 1666 1529 1728 καί
1588 1663 1745 1730 κατὰ
1804 1669 2126 1729 θάλατταν
2182 1670 2449 1738 πταίσας
2491 1662 2648 1726 α’πέ-

469 1771 662 1847 θανε)
707 1769 1013 1833 Timonem
1055 1772 1116 1833 in
1159 1759 1562 1836 testimonium
1609 1791 1878 1852 vocans,
1920 1776 2092 1837 cuius
2134 1774 2320 1837 verba
2350 1774 2473 1836 vid.
2505 1790 2646 1855 pag.

470 1875 578 1957 61,
624 1877 878 1960 Cyrinus
923 1898 977 1942 ο.
1023 1879 1126 1943 Iul.
1168 1881 1271 1944 lih.
1310 1881 1408 1943 vl.
1449 1899 1591 1965 pag.
1643 1884 1757 1947 189
1800 1885 1849 1946 D
1892 1882 2044 1960 (vid.
2093 1882 2194 1950 lib.
2238 1882 2307 1944 11.
2359 1900 2488 1962 cap.
2520 1881 2645 1957 lt).

471 1986 645 2050 Gonf.
703 1987 849 2055 Plut.
913 1988 1042 2051 Nic.
1112 1996 1259 2052 tom.
1304 1991 1349 2053 1.
1411 2008 1557 2073 pag.
1598 1992 1741 2056 538.
1787 1993 1832 2055 F
1865 2039 1884 2071 ‚
1952 1991 2197 2055 Eusehii
2259 1990 2477 2054 Chron.
2549 1990 2645 2053 01.

465 2094 779 2159 LXXXIV.
825 2092 1104 2182 (Τούτου
1144 2099 1474 2182 Ἀθηναῖοι
1512 2097 1627 2173 τὰς
1650 2103 1909 2179 βίβλους
1937 2102 2330 2183 ἐψηφίσαντο
2358 2099 2641 2183 καῦσαι),

467 2202 677 2267 Ioann.
721 2203 1026 2286 Chrysost.
1074 2206 1134 2267 in
1181 2207 1342 2270 Pauli
1393 2225 1486 2288 ep.
1533 2207 1607 2269 ad
1647 2207 1911 2270 Corinth.
1958 2206 2001 2269 1.
2044 2207 2206 2269 hom.
2249 2206 2346 2270 IV.
2394 2223 2524 2286 cap,
2580 2207 2639 2267 5.
2730 2191 2734 2193 ⁷

470 2312 648 2392 (Καὶ
701 2310 820 2394 γὰρ
870 2310 1316 2395 Πρωταγόρας
1361 2356 1443 2367 --
1498 2312 1650 2400 περὶ
1690 2311 1980 2395 ἐσχάτων
2037 2313 2527 2392 ἑκινδυνεύσεν.)
2583 2319 2645 2374 et

470 2418 734 2481 Cramer.
783 2419 1017 2482 Anecd.
1080 2421 1268 2483 PariS.
1309 2427 1451 2485 tom.
1485 2423 1530 2485 Ι.
1582 2440 1719 2505 pag.
1764 2424 1916 2486 172:
1980 2414 2139 2486 Εἶτα
2184 2418 2642 2503 Πρωταγόραν,

467 2513 778 2589 Εὐάθλου
808 2521 973 2601 τινός
1016 2528 1142 2591 τῶν
1183 2530 1489 2613 μαθητῶν
1530 2525 2139 2616 συκοφαντήσαντος
2166 2526 2357 2592 αὐτόν
2385 2567 2466 2578 -
2505 2528 2639 2606 (uhi

468 2635 778 2716 μαθητῶν
816 2651 926 2715 pro
972 2636 1288 2721 ἀθλητῶν,
1336 2638 1496 2720 quod
1527 2645 1620 2702 est
1659 2642 1720 2703 in
1767 2639 2100 2719 codicibus,
2146 2638 2360 2720 scripsi
2391 2644 2640 2700 auctore
2715 2665 2720 2670 ·

469 2740 779 2806 Friderico
819 2742 1197 2821 Ritschelio).
1406 2723 1417 2729 ’

595 2849 821 2924 Quibus
851 2869 931 2915 ex
956 2854 1313 2918 testimoniis
1334 2854 1452 2918 hoc
1478 2855 1607 2918 fere
1634 2855 1813 2919 modo
1835 2856 2200 2938 Protagoras
2227 2854 2380 2917 diem
2409 2853 2638 2944 obiisse

470 2956 725 3021 videtur.
755 2958 1011 3039 Librum,
1037 2964 1136 3044 qui
1158 2971 1290 3026 erat
1315 2962 1462 3046 περὶ
1478 2967 1670 3043 θεῶν,
1696 2964 1968 3045 privatim
1996 2965 2242 3045 primum
2270 2982 2401 3028 cum
2433 2962 2639 3026 amicis

469 3065 531 3127 in
574 3067 881 3130 cuiusdam
925 3086 1133 3133 eorum
1174 3072 1353 3135 domo
1403 3075 1920 3154 communicatum,
1961 3089 2121 3138 anno
2161 3073 2306 3136 411.
2350 3074 2412 3135 in
2438 3073 2639 3154 Lyceo

472 3172 841 3237 recitandum
891 3180 1146 3242 curavit.
1230 3179 1515 3243 Euathlus
1572 3181 1685 3257 (de
1740 3197 1859 3262 quo
1919 3181 2039 3244 vid.
2082 3183 2183 3244 lib.
2222 3184 2316 3247 IV.
2358 3201 2490 3262 cap.
2533 3181 2640 3258 ΙΙ.)

470 3285 609 3343 rem'
640 3282 716 3344 ad
759 3281 1157 3364 Pythodorum
1203 3285 1462 3366 Polyzeli
1504 3287 1685 3349 filium
1745 3287 1988 3365 detulit,
2054 3288 2153 3369 qui
2211 3294 2340 3350 erat
2382 3289 2441 3349 in
2485 3302 2641 3366 qua-

476 3389 826 3473 dringentis,
937 3393 1113 3467 Quod
1169 3397 1486 3459 commode
1544 3395 1773 3458 factum·
1825 3402 1917 3460 est
1979 3397 2247 3479 tyrannis
2275 3442 2293 3474 ,
2359 3403 2423 3457 ut
2489 3381 2640 3456 cau-

473 3515 583 3563 sae
647 3501 910 3581 speciem
969 3498 1258 3563 haberent
1299 3500 1603 3582 sophistae
1658 3503 1896 3568 divitias
1957 3503 2318 3584 occupandi.
2425 3499 2642 3582 Pytho-

478 3607 630 3671 doro
689 3609 870 3691 igitur
930 3607 1232 3671 referente
1296 3610 1656 3691 Protagoras
1714 3611 2029 3691 impietatis
2082 3627 2224 3672 reus
2278 3608 2469 3670 sactus
2529 3615 2640 3671 est.

471 3714 678 3797 Neque
735 3703 894 3779 enim
951 3715 1068 3779 tale
1130 3715 1363 3780 facinus
1421 3718 1497 3780 ab
1559 3735 1770 3782 eorum
1824 3719 2059 3781 ratione
2117 3715 2502 3780 abhorruisse
2564 3732 2645 3776 ex

472 3819 817 3901 Thucydide
879 3830 1167 3903 apparet,
1223 3825 1324 3907 qui
1378 3824 1481 3888 lib.
1531 3826 1678 3889 Vlll.
1742 3844 1874 3908 cap.
1918 3826 2018 3890 70.
2081 3823 2234 3887 alios
2291 3825 2640 3886 interemtos

470 3928 662 3991 fuisse
726 3930 844 4008 ait,
904 3929 970 3992 ot*
1002 3928 1257 3995 ἐδόκουν
1302 3931 1645 4015 ἐπιτήδειοι
1690 3926 1855 3998 εἶναι
1897 3931 2432 4014 §negatos-reflat,
2492 3931 2645 3993 alios

471 4036 537 4099 in
576 4035 814 4100 vincula
857 4037 1030 4102 datos
1054 4085 1073 4118 ‚
1129 4040 1321 4121 patria
1364 4043 1647 4123 expulsos
1690 4041 1859 4105 alios.
1943 4040 2301 4122 Protagoras
2343 4058 2519 4120 quum
2564 4037 2643 4100 de

476 4143 668 4207 salute
710 4161 821 4206 sua
866 4161 936 4207 se
979 4146 1304 4225 periclitari
1345 4150 1616 4227 sentiret,
1656 4156 1907 4213 mortem
1937 4147 2079 4230 fuga
2106 4152 2332 4211 evitare
2357 4145 2644 4223 decrevit,

476 4257 541 4314 et
587 4250 848 4316 Siciliam
894 4257 1105 4333 petens
1146 4270 1369 4332 parvae
1423 4254 1675 4334 cymbae
1716 4270 1785 4316 se
1828 4254 2161 4335 commisit,
2217 4254 2347 4334 ipsa
2389 4266 2534 4313 vero
2580 4250 2644 4313 in
2717 4281 2726 4285 ·

476 4357 622 4443 fuga
658 4359 834 4426 undis
882 4359 1127 4425 obrutus
1170 4367 1280 4425 est.
1328 4360 2104 4445 Quadringenti-postquam
2152 4360 2347 4428 solum
2388 4357 2648 4423 vertisse
