2975 4959
1183 289 1668 358 —21-

348 473 602 538 efficitur
630 519 649 551 ,
709 493 744 537 a
807 482 1019 568 neutro
1070 475 1348 555 illorum,
1421 479 1520 557 qui
1582 477 1848 539 Socratis
1922 485 2310 541 accusatores
2378 483 2514 558 post

348 585 747 659 exstiterunt,
815 587 1071 665 pecunia
1146 592 1486 665 corruptum
1556 585 2017 662 Aristophanem
2090 587 2290 648 Nubes
2352 588 2511 650 scri-

346 694 560 772 psisse.
605 728 681 741 -
749 692 834 754 lta
884 692 1182 755 FreretuS.
1267 692 1462 772 Atque
1524 692 1682 773 quod
1748 691 1824 752 de
1871 692 2238 773 Protagorae
2300 696 2508 754 mortis

348 806 620 880 tempore
664 800 812 862 dixit
853 806 915 863 ut
956 802 1170 881 probet
1199 800 1544 876 lectoribuS,
1586 818 1640 880 p.
1666 802 1803 863 222.
1828 802 2287 879 expositionem,
2336 818 2511 881 quam

345 926 504 970 nunc
571 907 761 988 ipsum
806 914 1162 987 tractamuS,
1228 925 1366 988 „sur
1409 908 1567 990 l’age
1626 908 1701 969 de
1746 907 2074 989 Protagore
2136 915 2196 970 et
2257 908 2313 970 la
2374 908 2513 969 date

346 1016 423 1079 de
484 1033 553 1078 sa
621 1013 1136 1079 condamnation'“
1205 1017 1472 1079 conferri
1540 1017 1721 1079 iubet.
1826 1016 1913 1079 Ea
1976 1019 2159 1099 igitur
2218 1018 2334 1081 hoc
2401 1019 2518 1080 de·-

348 1130 737 1187 monstratum
802 1131 1163 1206 exspectes,
1242 1126 1628 1205 Protagoram
1700 1142 1820 1186 non
1898 1131 2037 1187 ante
2092 1143 2309 1187 annum
2371 1127 2515 1189 410.

342 1239 633 1295 mortuum
678 1250 881 1295 -essez
966 1233 1050 1296 ita
1123 1234 1280 1294 enim
1341 1235 1497 1295 inter
1540 1232 1699 1308 ,424
1773 1240 2143 1313 mortemque
2206 1233 2514 1313 sophistae

341 1359 452 1420 ¹,au
505 1342 735 1403 moins“
777 1341 1248 1422 quattuordecim
1313 1341 1450 1402 anni
1513 1338 1902 1421 praeterlapsi
1961 1347 2206 1403 essent:
2265 1358 2519 1421 eamque

342 1449 637 1510 rationem
683 1455 949 1510 secutum
995 1466 1062 1510 se
1109 1449 1420 1528 professus
1463 1455 1571 1510 est.
1657 1447 1852 1510 Nihilo
1896 1449 2091 1510 miuus
2138 1455 2356 1511 tantum
2404 1448 2522 1509 ab-

348 1558 476 1632 fuit,
516 1564 579 1619 ut
617 1557 774 1619 illam
821 1559 974 1621 viam
1018 1560 1218 1636 iniret,
1260 1565 1321 1621 ut
1346 1559 1747 1621 Democritum
1797 1575 1919 1620 nou
1967 1563 2104 1643 post
2132 1575 2349 1619 annum
2376 1557 2521 1620 494.

343 1672 543 1728 natum
611 1683 750 1729 esse
826 1669 1280 1748 computationis
1340 1685 1486 1729 suae
1552 1668 1720 1748 quasi
1782 1666 2228 1729 fundamentum
2286 1681 2520 1746 ponens

346 1781 599 1837 aetatem
647 1776 774 1836 eius
828 1774 888 1834 in
948 1780 1175 1855 tempus
1232 1774 1392 1856 quod
1445 1780 1655 1856 posset
1709 1776 2183 1836 recentissimum
2243 1774 2517 1836 referret.

342 1883 488 1946 Nam
547 1883 876 1945 secundum
937 1889 1203 1945 veterum
1263 1884 1602 1946 testimonia
1660 1899 1818 1945 anno
1883 1890 1985 1945 aut
2027 1883 2165 1946 509.
2229 1888 2332 1945 aut
2377 1882 2519 1944 504.

345 1999 444 2054 aut
484 1992 626 2055 490.
668 1996 869 2053 natum
916 2009 1055 2054 esse
1116 1993 1522 2053 Democritum
1583 1992 1711 2071 ipse
1766 1992 2044 2054 Freretus
2096 1991 2336 2070 posuit,
2398 1989 2520 2051 hoc

346 2118 527 2163 unum
575 2107 856 2162 constare
897 2116 1170 2181 monens,
1213 2115 1372 2160 anno
1417 2099 1559 2161 480.
1607 2115 1729 2160 non
1764 2100 2054 2160 maiorem
2100 2100 2288 2159 fuisse
2324 2097 2519 2178 philo·

345 2207 591 2288 sophum
633 2207 847 2289 viginti
894 2185 1153 2287 quinque
1198 2205 1296 2267 vel
1334 2207 1576 2288 triginta
1632 2206 1803 2267 annis
1830 2251 1847 2282 ‚
1911 2212 2113 2267 natum
2158 2221 2297 2266 esse
2340 2205 2520 2285 igitur

341 2335 463 2380 non
525 2324 664 2380 ante
708 2318 848 2380 505.
897 2316 997 2378 vel
1035 2316 1177 2378 510.
1289 2315 1490 2388 Quare
1558 2316 1850 2393 Frcreto,
1911 2315 1961 2375 si
2028 2313 2278 2374 eandem
2341 2330 2519 2392 quam

338 2427 649 2508 professus
689 2432 783 2488 est
825 2428 1118 2489 rationem
1165 2443 1232 2488 re
1273 2442 1419 2487 vera
1461 2425 1784 2501 tenuisset,
1830 2440 2203 2505 nequaquam
2244 2422 2517 2501 „Suppo-

339 2548 483 2594 sons
535 2548 651 2613 que
710 2531 1050 2594 Democrite
1079 2576 1099 2609 ‚
1159 2510 1267 2592 ne*
1305 2507 1390 2593 uu
1439 2531 1585 2609 plus
1642 2531 1785 2592 tard
1844 2550 1919 2591 en
1976 2529 2133 2592 494(ι
2200 2531 2517 2594 dicendum

340 2639 527 2703 fuisse
572 2646 852 2720 apparet,
895 2640 1007 2703 sed
1056 2640 1168 2720 „ne
1211 2657 1293 2701 au
1329 2639 1531 2718 plutot
1566 2657 1641 2699 en
1685 2640 1863 2701 510.oe
1944 2639 2032 2701 Ita
2087 2640 2245 2701 enim
2286 2641 2518 2702 Demo-

339 2748 472 2810 criti
513 2753 594 2826 et,
643 2764 818 2829 quam
866 2748 942 2809 ab
985 2748 1081 2810 illa
1128 2748 1486 2828 pendentem
1531 2746 1695 2824 fecit,
1744 2746 2111 2830 Protagorae
2150 2753 2405 2809 aetatem
2451 2749 2516 2809 in

336 2862 567 2935 tempus
613 2873 788 2936 quam
832 2855 1297 2936 antiquissimum
1341 2854 1676 2917 reiecisset.

434 2963 602 3036 Quae
625 2970 971 3044 argumenta
994 2964 1341 3044 pravissima
1379 2981 1457 3024 ne
1479 2964 1718 3024 nimium
1759 2962 2065 3040 miremur,
2106 2960 2226 3024 hoc
2272 2980 2513 3044 semper

336 3078 666 3149 teneamus,
712 3089 832 3133 non
860 3088 936 3134 eo
956 3072 1258 3134 Freretum
1289 3071 1544 3134 consilio
1570 3077 1753 3134 totam
1788 3072 2114 3134 instituisse
2139 3069 2512 3150 disquisitio-

337 3195 493 3257 nem,
516 3184 580 3239 ut
602 3178 915 3255 inveniret,
933 3179 1092 3259 quod
1118 3178 1218 3241 ubi
1247 3185 1408 3240 esset
1433 3179 1716 3253 nesciret,
1735 3178 1844 3240 sed
1865 3185 1927 3241 ut
1953 3182 2306 3241 sententiam
2327 3197 2519 3259 prae-

333 3291 695 3364 occupatam
723 3284 1085 3365 argumentis
1127 3283 1636 3364 qualibuscunque
1673 3282 1975 3362 firmaret,
2022 3301 2270 3363 quorum
2316 3286 2506 3364 ipsum

328 3391 505 3454 fidem
551 3390 709 3454 haud
756 3393 956 3474 magni
998 3392 1222 3454 ducere
1265 3398 1528 3472 apparet.
1612 3391 1761 3454 Nam
1789 3390 2095 3452 secundae
2133 3390 2315 3453 libelli
2360 3408 2505 3470 par-

328 3501 543 3564 ticulae
584 3518 691 3582 spe
735 3515 847 3562 nos
887 3496 1253 3576 consolatur,
1292 3514 1406 3577 qua
1446 3498 1636 3578 ipsum
1663 3496 1808 3560 410.
1834 3498 2042 3559 mortis
2074 3513 2289 3558 annum
2320 3496 2507 3560 fuisse

328 3607 512 3670 firmis
556 3609 856 3689 certisque
898 3606 1272 3669 documentis
1318 3623 1388 3667 se
1432 3605 1968 3668 demonstraturum
2000 3603 2323 3684 profitetur.
2406 3605 2507 3668 Ad

330 3712 490 3776 hanc
560 3713 806 3777 alteram
873 3714 1054 3795 igitur
1117 3712 1532 3793 disputationis
1597 3718 1825 3792 partem
1885 3726 2044 3772 nunc
2109 3717 2501 3792 transeamus.

328 3821 557 3884 Audias
599 3840 734 3904 pag.
784 3822 924 3885 279.
969 3823 1050 3884 ita
1090 3827 1525 3900 exponentem:

415 3931 722 4011 „Diogene
741 3930 970 3992 Laerce
990 3946 1144 3991 nous
1165 3929 1450 4008 apprend‚
1473 3945 1610 4009 que,
1629 3945 1702 3989 ce
1724 3925 1988 4007 sophiste
2012 3935 2190 4009 ayant
2223 3929 2327 3989 fait
2350 3929 2501 3992 dans

323 4056 440 4100 une
465 4039 694 4100 maison
717 4040 1042 4101 d’Athenes
1066 4038 1121 4099 la
1146 4038 1370 4100 lecture
1398 4038 1473 4099 de
1496 4054 1608 4099 son
1634 4039 1783 4100 livre
1813 4037 1920 4099 des
1939 4038 2150 4116 Dieux‚
2173 4056 2249 4100 on
2276 4038 2356 4100 fut
2378 4040 2500 4101 tres

322 4145 555 4208 revolte
600 4145 675 4208 de
704 4147 759 4208 la
784 4147 962 4224 facon
1002 4145 1363 4226 impudente,
1407 4146 1554 4208 dont
1595 4145 1637 4206 il
1677 4164 1718 4227 y
1742 4149 1977 4224 ‚traitait
2017 4147 2074 4208 la
2115 4148 2390 4227 question
2420 4148 2500 4208 de

327 4253 456 4315 leur
498 4255 848 4317 existence:
915 4253 1080 4316 Pour
1120 4274 1188 4315 ce
1229 4252 1332 4332 qui
1371 4253 1629 4333 regardo
1694 4254 1781 4315 les
1848 4254 2091 4329 Dz’euae,
2133 4274 2174 4334 y
2214 4254 2500 4317 disait-il

334 4377 410 4423 eu
452 4360 510 4422 le
570 4369 1023 4440 commem-ant,
1078 4365 1150 4441 je
1210 4379 1286 4422 ne
1322 4361 1482 4441 puis·
1529 4360 1806 4440 dec-ider,
1869 4361 1969 4421 s’il
1997 4382 2045 4446 y
2084 4379 2158 4422 en
2202 4377 2243 4421 a
2284 4377 2363 4420 ou
2401 4357 2505 4418 s’it
