2975 4959
336 1305 1287 1422 QUAESTIONUM
1352 1294 2530 1423 PROTAGOREARUM

981 1541 1310 1614 LIBER
1389 1543 1881 1616 TERTIUS.
2427 1483 2433 1488 ·

542 1757 1316 1821 PRoTAGoRAE
1359 1757 1576 1820 Ans
1617 1754 2325 1824 sornls‘rlcm.

529 2078 624 2140 Ad
690 2078 1180 2165 cognoscendam
1252 2079 1621 2159 Protagorae
1678 2085 1863 2141 artem
1929 2078 2312 2159 sophisticam
2384 2099 2517 2143 cum

335 2187 778 2266 Aristophanis,
823 2185 1163 2248 Aristotelis
1202 2186 1569 2265 aliorumque
1615 2187 1877 2266 scriptiS,
1921 2193 2039 2247 tum
2074 2187 2332 2251 Platonis
2377 2188 2516 2249 dia-

336 2296 493 2377 logis
538 2295 941 2359 fontibusest
985 2294 1287 2371 utendum.
1342 2294 1470 2368 Qua
1513 2296 1571 2355 in
1606 2313 1672 2354 re
1716 2293 1872 2373 quod
1925 2293 2000 2353 de
2045 2294 2197 2356 libro
2240 2295 2512 2356 secundo

332 2404 856 2484 praemonuimus,
913 2405 975 2464 in
1020 2403 1176 2464 hanc
1219 2403 1570 2484 disciplinae
1622 2404 1751 2467 eius
1809 2410 2033 2482 partem
2096 2405 2271 2464 etiam
2316 2405 2509 2484 magis
2579 2425 2585 2431 ·

332 2513 508 2573 valet.
593 2512 926 2575 Videndum
970 2517 1063 2573 est
1106 2512 1263 2573 enim
1295 2559 1314 2585 ‚
1357 2529 1433 2572 ne
1471 2529 1624 2590 quae
1673 2511 2007 2573 adversarii
2052 2511 2127 2571 de
2179 2511 2507 2592 Protagora

328 2620 699 2700 protulerunt
747 2621 1029 2682 temerius
1074 2620 1421 2696 credamuS‚
1484 2627 1624 2680 ante
1669 2620 1866 2681 omnia
1903 2630 2093 2695 ‘vet-o,
2140 2627 2204 2681 ut
2247 2620 2508 2683 Platonis

322 2730 677 2791 auctoritate
724 2710 965 2791 nonnisi
1009 2745 1233 2788 summa
1277 2745 1409 2788 cum
1454 2729 1732 2789 cautione
1777 2734 1954 2805 atque
1998 2730 2195 2789 omnia
2240 2729 2505 2803 diligen-

316 2839 543 2898 tissime
571 2835 1119 2915 circumspicientes
1164 2842 1429 2896 utamur:
1475 2836 1598 2915 qui,
1640 2851 1758 2914 quo
1803 2841 1931 2895 erat
1964 2842 2172 2895 contra
2200 2836 2502 2915 sophistas

320 2948 519 3007 animo
561 2944 973 3021 infestissimO,
1015 2944 1367 3023 saepissime
1413 2960 1523 3004 eos
1572 2943 2049 3005 cavillationibus
2092 2945 2366 3006 tractavit
2406 2952 2502 3006 at-

324 3071 441 3134 que
484 3054 623 3114 dolo
670 3051 826 3114 malo
872 3054 1196 3114 insectatus
1241 3057 1372 3115 est:
1417 3058 1481 3112 ut
1527 3051 1628 3111 vix
1666 3050 1796 3113 lieri
1835 3057 2059 3131 posset,
2100 3054 2238 3133 quin
2285 3052 2500 3133 placita

319 3161 597 3223 ac.dicta
645 3178 850 3221 eorum
896 3167 997 3221 aut
1042 3160 1101 3220 in
1148 3167 1318 3238 peius
1354 3158 1758 3239 detorqueret,
1802 3166 1904 3220 aut
1947 3159 2089 3222 talia
2135 3161 2223 3222 eis
2264 3161 2497 3222 tribue-

317 3275 409 3330 ret
452 3285 604 3347 quae
650 3285 945 3348 nunquam
990 3268 1296 3329 dixissent.
1381 3267 1680 3347 Persaepe
1735 3269 1912 3329 etiam
1977 3268 2191 3330 sactum
2238 3275 2372 3345 est,
2432 3277 2496 3331 ut

317 3396 471 3457 quae
515 3378 558 3439 ii
601 3375 997 3457 sophistarum
1042 3377 1423 3453 statuissent,
1487 3379 1586 3457 qui
1629 3362 1838 3457 postea
1887 3378 2143 3438 maxime
2184 3376 2491 3452 florerent,

306 3485 754 3566 'antiquioribus
778 3483 880 3544 ille
905 3483 1236 3563 imputaret,
1270 3484 1469 3563 itaque
1515 3486 1570 3545 in
1596 3484 1879 3564 Gorgiam
1922 3482 2017 3545 vel
2041 3484 2352 3546 Prodicum
2392 3486 2489 3546 vel
2563 3502 2571 3511 ·

272 3634 277 3643 ·
310 3595 695 3675 Protagoram
741 3593 1141 3672 posteriorum
1178 3609 1377 3654 mores
1419 3611 1493 3653 ac
1524 3594 1856 3655 sententias
1884 3593 2254 3654 transferret.
2305 3593 2481 3667 Quod

306 3721 437 3764 cum
483 3703 542 3763 in
587 3702 721 3764 aliis
752 3700 1010 3762 Platonis
1047 3699 1215 3762 libris
1258 3707 1374 3762 tum
1421 3700 1580 3762 haud
1622 3718 1762 3761 raro
1807 3701 2097 3782 reperitur
2135 3701 2481 3784 in·dialogo

304 3812 397 3872 cui
442 3810 809 3890 Protagorae
866 3826 1085 3870 nomen
1144 3809 1482 3889 inscripsit:
1539 3827 1657 3889 quo
1701 3809 1863 3870 Plato
1924 3825 2045 3869 non
2093 3808 2479 3892 Protagoram

303 3918 670 3997 potissimum
715 3918 821 3981 sed
867 3918 1264 3998 sophistarum
1317 3918 1559 3977 omnino
1603 3920 1898 3979 rationem
1939 3921 2332 3998 persequitur.
2403 3921 2478 3984 Ut

305 4026 463 4086 enirn
502 4025 933 4105 Aristophanes
963 4026 1226 4088 Nubibus
1268 4043 1387 4086 non
1433 4026 1621 4104 ipsum
1653 4030 1984 4102 Socratem,
2029 4045 2201 4108 quem
2242 4028 2477 4108 phron-

301 4136 532 4197 tisterio
580 4134 903 4213 praefecit,
960 4134 1071 4196 sed
1123 4152 1310 4197 vanas
1356 4133 1755 4212 sophistarum
1801 4137 2183 4213 quaestiones
2224 4136 2473 4200 cavilla-
2551 4134 2556 4139 ’

298 4248 406 4317 tur,
448 4243 646 4322 itaque
690 4242 749 4302 in
788 4242 1096 4305 Socratem
1144 4241 1440 4316 cumulat,
1507 4258 1661 4320 quae
1706 4258 1826 4303 non
1869 4250 2008 4305 sunt
2048 4244 2313 4306 Socratis
2356 4244 2469 4305 sed
2564 4254 2570 4263 “

228 4378 237 4385 ·
294 4351 620 4433 vulgarium
663 4348 818 4413 illius
863 4352 1145 4429 temporis
1189 4349 1624 4429 sophistarum:
1667 4351 1747 4411 ita
1770 4349 1930 4413 Plato
1973 4351 2281 4432 profanum
2326 4350 2468 4412 illud
