2975 4959
1171 344 1261 360 -
1371 306 1530 378 159
1615 343 1708 360 -

346 503 475 568 τοῖς
499 489 810 578 Ἓλλησιν.
891 495 1179 559 Socrates
1224 513 1374 558 vero
1417 496 1710 559 abiturum
1756 512 1826 557 se
1869 495 2142 559 simulat:
2209 512 2331 559 non
2377 497 2537 559 enim

349 612 583 684 tempus
624 604 742 667 sibi
788 619 928 665 esse
971 604 1049 666 ad
1116 604 1450 667 audiendas
1507 604 1725 685 longas
1790 605 2117 667 orationes.
2205 594 2405 667 Ceteri
2475 610 2542 666 nt

354 715 579 791 diutius
640 714 798 778 adsit
859 713 1224 795 persuadent
1285 712 1384 775 alii
1425 715 1603 775 aliam
1655 714 1989 793 disputandi
2032 706 2323 775 ratio'nem
2366 730 2543 775 com-

354 824 742 886 mendantes.
826 824 1113 889 Socrates
1172 829 1232 884 et
1288 822 1701 905 interrogandi
1760 828 1821 883 et
1881 821 2290 901 respondendi
2346 830 2548 902 partes

362 933 736 1014 Protagorae
781 932 1410 1013 proponit‚·quarum
1454 937 1622 993 utras
1672 930 1836 995 malit
1876 930 1991 992 sibi
2034 931 2235 1012 eligat.
2324 933 2467 994 Καὶ
2510 929 2550 991 ὅ

359 1039 805 1121 Πρωταγόρας
829 1052 997 1122 (pag.
1017 1038 1159 1101 338.
1182 1038 1264 1106 E)
1306 1035 1471 1100 πάνυ
1495 1041 1613 1116 μὲν
1634 1036 1746 1100 οὐκ
1772 1032 2017 1119 ἤθελεν,
2059 1030 2232 1117 ὅμως
2256 1039 2324 1101 δὲ
2356 1036 2548 1119 ἤναγ.

361 1143 573 1230 κεάσθη
615 1145 998 1229 ὁμολογῆσαι
1040 1144 1418 1229 ἐρωτήσειν,
1479 1143 1592 1206 καί
1648 1143 1907 1209 ἐπειδᾶν
1965 1143 2192 1218 ἱκαναῖς
2250 1145 2550 1231 ἐρωτήσῃ,

363 1251 552 1317 πάλιν
601 1250 829 1317 δαίσειν
869 1250 1050 1337 λόγον
1098 1249 1253 1315 κατὰ
1301 1250 1570 1334 σμικρὸν
1636 1247 2143 1350 ἀποκρινόμενος.
2225 1252 2552 1317 Simonidis

371 1380 614 1425 carmen
664 1365 943 1443 proponit
979 1362 1056 1424 de
1098 1378 1216 1442 quo
1259 1368 1471 1444 agatur
1497 1406 1514 1438 ,
1556 1368 1734 1441 atque
1777 1379 1883 1424 sua
1931 1362 2203 1441 exposita
2251 1362 2554 1441 interpre-

362 1472 590 1533 tatione
637 1450 1159 1534 Socratemaudit
1197 1469 1442 1551 longam
1497 1469 1575 1530 de
1621 1469 1839 1531 eodem
1884 1469 2230 1531 tendentem
2279 1469 2553 1549 disputa.-

364 1582 609 1644 tionem.
697 1580 826 1654 Qua
867 1580 946 1643 ad
983 1579 1161 1642 finem
1206 1579 1498 1660 perducta
1513 1579 1887 1660 ’Protagoras
1933 1579 2165 1656 iterum,
2211 1585 2404 1640 utrum
2447 1594 2555 1640 re-

365 1688 670 1769 snpodere
712 1705 790 1749 an
833 1688 1210 1769 interrogare
1253 1688 1456 1762 malit,
1504 1687 1777 1768 proloqui
1822 1693 2097 1762 recusat3
2156 1705 2270 1766 qua
2312 1688 2554 1767 quidem

365 1815 436 1860 se
493 1795 747 1879 gerendi
793 1797 1031 1859 ratione
1072 1796 1353 1858 omnibus
1419 1797 1713 1876 displicet.
1819 1795 2168 1858 Alcibiades
2196 1799 2427 1877 ·poscit
2490 1802 2557 1859 ut

370 1912 576 1986 aperte
640 1904 804 1967 dicat
871 1905 924 1966 si
970 1905 1087 1965 iam
1132 1903 1414 1983 colloquii
1456 1904 1757 1983 particeps
1798 1921 1936 1965 esse
1981 1903 2171 1981 nolit,
2231 1911 2295 1966 ut
2338 1921 2556 1967 omnes

369 2015 564 2075 sciant
605 2019 666 2073 et
707 2013 880 2074 alium
946 2029 1157 2074 creare
1212 2010 1444 2092 possint
1482 2010 1931 2073 collocutorem.
2023 2010 2160 2074 Καὶ
2196 2010 2227 2072 ὅ
2273 2015 2555 2093 Πρωτα-

304 2160 311 2167 ·
366 2121 562 2202 γῄας
618 2122 1032 2201 αἰσχυνθείς,
1102 2113 1188 2193 ὥς
1258 2125 1314 2201 γ’
1369 2121 1515 2194 ἐμοὶ
1571 2117 1741 2194 ἔδοξε
1773 2165 1791 2197 ,
1856 2118 1973 2182 τοῦ
2027 2141 2096 2181 τε
2141 2117 2556 2198 Ἀλκιβιάδου

354 2231 573 2307 ,ταῆτα
617 2233 901 2310 λέγοντος
968 2231 1078 2290 καί
1140 2230 1252 2290 τοῦ
1296 2228 1584 2291 Καλλίου
1637 2229 1934 2306 δεομένου
1998 2229 2108 2290 καί
2164 2231 2292 2290 τῶν
2344 2220 2556 2290 ἄλλων

370 2334 602 2417 σχεδόν
643 2362 702 2400 τι
742 2339 869 2398 ταῖν
910 2335 1240 2418 παρόντων
1299 2335 1481 2417 μόγις
1537 2338 1957 2418 προύτρέπετο
2007 2336 2097 2409 εἷς
2148 2335 2222 2398 τό
2268 2338 2557 2415 διαλέγε-

375 2448 532 2507 σθαι
594 2444 701 2507 καὶ
763 2446 1046 2508 ἐκέλευεν
1110 2447 1348 2531 ἐρωτᾷν
1409 2441 1609 2506 miror
1666 2442 1751 2517 ὥς
1805 2442 2333 2527 α’ποκρινοόμενος
2376 2456 2550 2526 (pag.

338 2553 514 2618 1348.
558 2553 660 2632 C).
746 2553 1133 2635 progreditur
1173 2553 1579 2634 colloquium3
1624 2554 1736 2616 sub
1776 2553 1952 2615 finem
1998 2570 2150 2615 vero
2193 2553 2555 2635 Protagoras

376 2665 843 2724 circumventum
885 2679 954 2724 se
1000 2662 1268 2723 sentiens
1303 2662 1507 2723 verbis
1561 2678 1814 2742 parcere
1869 2661 2110 2741 incipit:
2181 2661 2433 2723 assentit
2475 2696 2555 2715 -·-
2655 2658 2668 2665 '

375 2770 657 2832 concedit
695 2809 776 2820 -
821 2769 1030 2832 annuit
1071 2807 1152 2818 -
1194 2769 1491 2832 concedit·
1518 2806 1595 2818 -
1643 2770 1847 2831 annuit
1892 2772 2104 2831 iterum
2132 2805 2205 2817 --
2236 2768 2553 2848 paullulum

375 2884 598 2942 tantum
642 2881 836 2959 capite
878 2879 1004 2940 nuit
1043 2915 1124 2927 -—
1166 2884 1347 2939 tacet.
1409 2878 1465 2939 A
1499 2878 1749 2939 Socrate
1790 2878 1866 2937 ad
1910 2876 2396 2956 respondendum
2435 2895 2555 2938 ex-

376 2989 590 3050 citatus
634 2988 1020 3048 Φιλονεικεΐν
1061 3008 1191 3063 μοι,
1237 2985 1422 3066 inquit
1465 3002 1604 3066 pag.
1628 2984 1771 3047 360.
1817 2984 1891 3063 E,
1934 2986 2156 3067 δοκεῖς,
2199 2975 2252 3047 ὦ
2295 2979 2556 3064 Σώκρα-

375 3118 493 3174 τες,
535 3091 608 3157 τό
654 3088 965 3173 ἐμὲ·εἶναι
1007 3090 1116 3158 τόν
1159 3090 1668 3174 ἀποκρινόμενον·
1750 3095 2109 3174 χαριοῦμαι
2150 3082 2262 3155 οὖν
2302 3113 2402 3154 σοι
2446 3088 2560 3154 κατ’

379 3210 540 3285 λέγω
584 3209 645 3264 et
685 3220 742 3282 q.
793 3221 965 3284 seqq.
1053 3203 1171 3264 lam
1212 3204 1496 3265 Socrates
1555 3203 1822 3264 ostendit
1863 3202 2004 3283 quid
2052 3201 2352 3281 colloquio
2396 3218 2555 3262 con-

377 3311 570 3373 secuti
611 3311 769 3385 sint3
826 3311 1186 3392 Protagoras
1230 3312 1499 3373 Socratis
1546 3311 1806 3373 indolem
1863 3317 2042 3390 atque
2085 3311 2388 3390 ingenium
2436 3307 2553 3369 be-

376 3420 561 3501 nigne
620 3417 853 3481 laudat:
915 3434 1282 3499 magnopere
1324 3435 1457 3480 eum
1504 3420 1619 3481 sibi
1680 3417 1919 3498 placere
1960 3423 2139 3496 atque
2185 3416 2320 3478 sine
2368 3415 2551 3479 dubio

379 3526 618 3591 mullum
663 3543 801 3588 esse
828 3525 1251 3606 profecturum.
1313 3525 1456 3588 ‘Sed
1500 3525 1918 3607 disputationis
1958 3523 2115 3587 filum
2154 3523 2394 3603 longius
2435 3541 2556 3585 ex-

379 3637 544 3699 tendi
588 3653 710 3698 non
753 3635 910 3697 vult:
974 3634 1113 3697 Καί
1157 3636 1306 3713 περὶ
1351 3629 1588 3697 τούτων
1631 3636 1699 3697 δὲ
1749 3635 2084 3716 εἰσαῦθις,
2146 3627 2299 3694 ὅταν
2335 3630 2556 3719 βούλῃ,

382 3747 692 3821 διέξιμεν·
776 3744 890 3806 νῦν
931 3742 1002 3807 δὲ
1057 3734 1194 3824 (ὅρα
1244 3735 1366 3824 ἤδη
1411 3740 1522 3805 καί
1560 3744 1655 3804 ἐπ’
1698 3735 1853 3804 ἄλλο
1891 3765 1949 3804 τι
1993 3744 2342 3821 τρέπεσθαι
2384 3752 2561 3825 (pag.

380 3853 521 3915 361.
551 3851 656 3930 E).
729 3851 814 3913 Re
854 3856 999 3914 vera
1045 3851 1237 3932 igitur*
1262 3852 1580 3932 Sisyphum
1621 3867 1689 3912 se
1733 3851 2004 3931 praebet,
2048 3850 2149 3932 qui
2196 3850 2418 3915 frustra
2454 3849 2559 3913 ln-

380 3959 552 4022 borat
593 3970 762 4039 (pag.
808 3959 948 4021 315.
994 3958 1089 4035 Β).

547 4066 679 4141 Quo
720 4069 912 4128 minus
954 4067 1257 4129 Platonem
1285 4114 1302 4146 ‚
1344 4083 1499 4146 quae
1543 4072 1636 4128 est
1677 4067 1959 4128 universa
2002 4067 2131 4128 eius
2179 4067 2334 4128 ratio
2378 4071 2564 4145 atque

378 4176 716 4256 ingenium,
754 4175 948 4236 multis
996 4192 1072 4236 ex
1111 4174 1376 4254 partibus
1419 4174 1726 4254 sophistae
1766 4176 2016 4236 virtutes
2061 4174 2398 4236 detrectare
2437 4187 2565 4233 vo-

378 4282 561 4344 luisse
619 4300 952 4364 quenquam
1002 4282 1212 4364 fugere
1255 4287 1494 4369 potest,
1552 4299 1652 4342 eo·
1682 4281 1970 4345 audacius
2014 4300 2169 4363 quae
2213 4284 2273 4343 in
2318 4279 2554 4341 laudem

382 4389 750 4473 Protagorae
794 4391 869 4453 ab
908 4390 1009 4453 ille
1053 4392 1397 4453 indicantur
1455 4391 1728 4470 amplecti
1793 4392 2105 4454 debemuS.
2190 4390 2321 4452 Fuit
2358 4389 2568 4474 figitur
