2975 4959
1297 288 1839 383 ÷1es--

473 467 618 552 672,
657 470 760 533 vix
794 471 1014 536 sufficit
1054 472 1134 537 ad
1177 472 1591 556 explicandam
1612 473 1772 537 illam
1804 473 2280 538 criminationem
2304 475 2390 551 ⁴¹).
2430 475 2661 555 Quare,

472 579 525 641 si
567 579 804 661 quidem
847 581 998 643 fides
1037 581 1296 664 Diogeni
1345 590 1559 664 (atque
1608 599 1688 646 ex
1731 583 2100 664 Protagorae
2142 580 2291 664 περὶ
2325 584 2439 646 τοῦ
2486 573 2660 659 ’ὄντος

471 703 713 769 quoque
755 689 912 750 libro
958 689 1259 759 Platonem
1302 690 1578 753 hausisse
1626 690 1986 773 Porphyrius
2028 696 2278 753 testatur
2319 690 2474 771 apud
2512 690 2659 760 Eus.

469 796 678 877 Praep.
726 814 820 858 ev.
868 797 1068 862 lib.X.
1112 816 1242 879 cap.
1273 798 1392 878 3.),
1439 799 1572 862 veri
1616 799 1972 863 simillimum
2018 805 2132 877 est,
2171 800 2457 861 in·Politia
2497 801 2661 862 scri-

471 903 672 966 benda
696 904 1000 967 Platonem
1027 906 1185 968 illum
1210 907 1580 988 Protagorae
1610 906 1822 970 librum
1866 908 1929 970 in
1967 925 2136 970 suum
2175 924 2347 968 usum
2389 920 2658 969 conver..

471 1012 641 1088 tisse,
685 1028 861 1091 quem
885 1012 1006 1075 Vll.
1052 1014 1514 1077 memoravimus
1556 1016 1708 1097 περὶ
1741 1017 2080 1089 πολιτείας.
2129 1014 2478 1096 Quanquam
2520 1032 2657 1077 cum
2713 1091 2728 1098 ο

470 1118 876 1200 Protagoreae
903 1121 1150 1183 Politiae
1172 1138 1252 1182 ne
1274 1120 1524 1183 verbum
1570 1121 1811 1203 quidem
1844 1121 2021 1185 nobis
2060 1128 2362 1186 servatum
2404 1124 2499 1203 sit,
2539 1139 2655 1187 ac-

473 1228 738 1292 curatius
782 1227 858 1292 de
903 1228 1019 1292 hac
1061 1245 1131 1292 re
1175 1227 1322 1291 nihil
1359 1229 1537 1292 statui
1581 1235 1797 1310 potest.

1512 1377 1616 1442 XI.

1214 1532 1456 1630 Τέχνη
1502 1535 1903 1631 ἐριστικῶν.
1961 1619 1966 1623 ,

642 1708 773 1781 Qua
815 1702 1091 1789 exposuit
1128 1713 1314 1771 totam
1359 1726 1528 1772 suam
1572 1715 1759 1772 artem
1807 1708 2166 1790 disputandi.
2247 1709 2424 1791 Diog.
2455 1709 2655 1771 Laert.

475 1814 579 1883 lib.
625 1815 727 1878 IX.
769 1827 829 1896 5.
877 1817 978 1879 55.
1072 1817 1223 1879 ‘Eius
1283 1817 1441 1881 haud
1510 1816 1691 1881 dubie
1764 1825 1895 1881 erat
1955 1820 2181 1882 locutio
2222 1817 2322 1881 illa
2367 1836 2403 1880 a
2445 1817 2656 1879 Prota..

468 1939 625 2005 gora
666 1926 915 2004 primum
956 1923 1199 1988 inducta
1224 1970 1245 2005 ,
1313 1943 1430 2006 qua
1481 1925 1980 2006 quemadmodum
2028 1943 2212 1991 causa
2257 1925 2510 1990 inferior
2554 1924 2660 1987 di..

472 2031 670 2095 cendo
715 2032 846 2095 fieri
888 2033 1165 2115 superior
1204 2041 1414 2116 posset
1457 2035 1683 2099 docere
1726 2053 1796 2099 se
1836 2035 2268 2117 profitebatur:

1536 2182 1597 2246 6.

646 2325 807 2392 Τόν
846 2320 1060 2411 ἥττω
1104 2327 1339 2415 λόγον
1379 2335 1734 2415 κρείττω
1772 2337 2077 2395 ποιεῖν.

636 2465 773 2534 vid.
817 2488 955 2555 pag.
1005 2472 1142 2534 142.
1179 2479 1253 2562 *et
1297 2491 1354 2554 q.
1400 2491 1571 2555 seqq.

1294 2789 1296 2792 y
1496 2671 1652 2770 ΧΗ.

1059 2885 1064 2889 ·
1181 2850 1362 2944 Δίκη
1411 2860 1592 2960 ὑπὲρ
1642 2862 1947 2955 μισθοῦ.

638 3036 816 3117 Diog.
859 3036 1054 3098 Laert.
1102 3036 1205 3099 lib.
1245 3037 1347 3101 IX.
1390 3043 1452 3112 §-
1477 3038 1577 3103 55.
1620 3038 1685 3100 Si
1723 3036 2131 3100 narrationem
2152 3034 2309 3104 inam
2334 3052 2369 3096 a
2392 3035 2655 3114 scripto-

421 3165 425 3168 *
470 3144 642 3208 <ribus
682 3143 1090 3225 pervulgatam
1117 3144 1250 3222 (vid
1277 3163 1415 3226 pag.
1453 3142 1591 3209 145.
1619 3151 1682 3208 et
1704 3163 1761 3226 q.
1785 3155 1989 3227 seqq.)
2033 3162 2259 3208 meram
2293 3130 2432 3207 esse
2459 3143 2657 3206 sabel-

472 3253 592 3315 lam
606 3259 775 3331 recte
794 3253 1125 3332 statuimuS,
1148 3253 1301 3316 liber
1317 3270 1553 3334 quoque
1576 3253 1651 3316 de
1672 3253 1789 3339 hac
1802 3254 1904 3317 lite
1924 3255 2300 3334 conscriptus
2315 3270 2437 3315 non
2454 3256 2654 3332 potest

474 3357 602 3424 non
652 3376 797 3427 esse
852 3344 1041 3424 fictas.
1127 3362 1242 3437 Qui
1292 3379 1441 3425 vero
1495 3363 1628 3426 sive
1671 3363 1855 3431 Sexto
1904 3365 2123 3444 quique
2168 3363 2409 3428 Sextum
2462 3359 2655 3423 secuti

469 3476 626 3548 sunt,
685 3471 817 3533 sive
858 3470 1050 3534 Gellio
1074 3472 1293 3554 quique
1333 3470 1412 3534 ad
1453 3471 1846 3553 Protagoram
1887 3478 1949 3534 et
1987 3470 2299 3535 Euathlum
2341 3469 2500 3532 illam
2544 3485 2656 3530 re-

376 3606 384 3619 .
475 3577 712 3656 ferunt,
758 3577 934 3640 fidem
978 3577 1216 3658 haheat,
1257 3579 1316 3641 ei
1353 3578 1511 3643 nihil
1547 3570 1771 3665 'causae
1814 3594 1954 3641 esse
1996 3577 2252 3656 videtur,
2300 3593 2409 3639 cur
2449 3576 2659 3654 dispu-

480 3686 769 3749 tationem
836 3685 1131 3765 quandam
1200 3687 1363 3769 Δίκη
1422 3659 1584 3769 cusp
1643 3686 1887 3767 μισθοῦ
1941 3685 2286 3766 inscriptam
2349 3703 2385 3747 a
2443 3684 2660 3747 Prota-

477 3811 632 3876 gora
691 3793 1029 3858 confectam
1074 3810 1214 3857 esse
1253 3800 1438 3875 neget
1482 3839 1504 3874 ,
1568 3811 1684 3874 qua
1738 3793 1898 3857 hanc
1959 3812 2201 3858 causam
2240 3800 2499 3857 tractare
2540 3810 2656 3883 po-

472 3903 585 3965 tuit
626 3888 989 3985 Protagoras
1055 3904 1188 3967 sive
1247 3903 1436 3985 ipsius
1498 3902 1679 3969 fuerit
1739 3920 1875 3966 cum
1913 3903 2173 3968 Euathlo
2228 3903 2358 3968 sive
2405 3902 2656 3965 Coracis

481 4028 618 4075 cum
656 4012 838 4075 Tisia.
917 4022 924 4031 ’

609 4245 660 4313 ⁵)
699 4241 847 4295 Conf.
882 4243 1179 4296 Brandisius
1215 4245 1344 4296 [list.
1369 4244 1562 4296 Philos.
1599 4248 1720 4297 tom.
1750 4243 1817 4296 11.
1858 4257 1979 4311 pag.
2006 4245 2138 4297 151·
2176 4241 2417 4309 „Gewiss
2447 4239 2645 4290 konnte

471 4313 800 4366 Platonische
837 4314 1323 4367 Erkenntnisslehre
1365 4318 1456 4367 mit
1497 4315 1588 4366 der
1623 4316 1715 4367 des
1753 4316 2057 4382 Protagoras
2092 4316 2146 4365 in
2183 4310 2647 4369 Grundannahmen

473 4383 580 4439 und
612 4384 989 4439 weseutlichen
1029 4388 1441 4455 Bestimmungen
1477 4386 1619 4438 nicht
1657 4386 2161 4440 iibereinstimmen.“
