2975 4959
1293 274 1590 350 ...452
1692 313 1786 330 ...-

424 467 568 530 :boe
616 468 877 530 oratoris
922 484 1061 529 esse
1106 468 1361 528 maxime
1411 467 1757 547 proprium,
1810 485 1938 529 rem
1994 485 2218 547 augere
2269 485 2451 548 posse
2491 470 2629 531 lau-

416 575 652 637 zdando
696 575 1209 656 vituperandoque
1249 593 1457 640 rursus
1502 575 1875 656 at'fligere.““
1962 576 2210 649 Quodsi·
2248 577 2400 639 haee
2437 579 2623 639 verba

422 686 532 748 zita
576 685 953 765 interpretari
996 684 1284 762 velimus,
1337 691 1401 746 ut
1441 685 1819 765 significent,
1878 684 2266 766 Protagoram
2311 686 2631 762 scripsisse

418 800 592 855 *aute
634 794 926 856 Coraeem
980 800 1042 855 et
1081 795 1299 857 Tisiam
1325 839 1344 872 ‚
1410 794 1730 857 videndum
1771 801 1922 871 cst,
1976 809 2054 855 ne
2098 794 2458 860 ciceronem
2514 794 2630 858 sibi

444 903 846 982 repugnantia
891 901 1102 964 dicere
1147 918 1457 987 cogamus.
1541 902 1684 964 lllae
1724 903 1884 964 enim
1929 915 2128 964 rerum
2173 902 2626 968 illustrium-,di-

414 1011 865 1090 -sputationes‚
908 1029 1255 1075 communes
1288 1012 1457 1088 leei‚·
1498 1012 1870 1093 singularum
1901 1030 2098 1075 rerum
2142 1011 2366 1075 laudes·
2393 1013 2631 1092 vitupe-

373 1120 870 1200 ,·rationesque,
937 1120 1078 1201 quid
1136 1119 1294 1183 aliud
1335 1128 1474 1183 sunt
1512 1121 1629 1183 nisi
1674 1122 1768 1183 via
1813 1127 1873 1183 et
1921 1138 2060 1200 am,
2118 1138 2365 1201 quarum
2407 1120 2630 1186 Cicero

410 1227 634 1290 miodo
678 1226 1079 1291 meminerat?
1163 1229 1238 1291 Ut
1295 1247 1502 1291 verum
1545 1230 1874 1307 fateamur,
1935 1230 2179 1309 saepius
2220 1245 2333 1292 uos
2379 1228 2634 1292 offendit

416 1331 546 1398 -hie
595 1320 906 1400 Ciceronis
949 1336 1121 1399 locus
1177 1339 1459 1419 venitque
1516 1338 1691 1400 nobis
1737 1337 2059 1418 aliquando
2103 1338 2164 1406 in
2211 1344 2470 1400 mentem
2509 1356 2630 1419 pa·-

447 1443 719 1508 renthesi
782 1444 1092 1508 includere
1154 1444 1253 1508 illa
1317 1446 1544 1511 verba:
1610 1464 1754 1507 nam
1811 1452 1993 1509 antea
2039 1446 2329 1509 neminem
2385 1446 2630 1508 solitum

437 1552 548 1614 via
603 1572 718 1615 nec
763 1560 901 1615 arte
922 1599 941 1631 ,
1011 1555 1126 1616 sed
1159 1559 1452 1616 accurate
1482 1561 1704 1616 tamen
1771 1562 1829 1617 et
1883 1556 1958 1617 de
2008 1556 2238 1635 scripto
2289 1546 2647 1634 plerosque⁴

442 1662 666 1726 dicere.
768 1663 978 1743 Neque
1042 1681 1201 1724 nune
1254 1666 1458 1727 verbis
1519 1669 1855 1727 accuratius
1914 1667 2093 1727 etiam
2161 1666 2447 1745 inspectis
2503 1679 2619 1726 nos

425 1773 618 1847 ‚huius
666 1773 1050 1834 coniecturae
1091 1773 1386 1852 poenitet.
1429 1814 1511 1826 --
1549 1773 1852 1835 Postrema
1893 1775 2071 1836 etiam
2090 1774 2391 1836 Meinersii
2429 1773 2622 1835 verba
2744 1770 2748 1773 ’

412 1898 568 1942 *non
610 1880 919 1961 probanda
957 1879 1274 1943 videntur-t
1325 1882 1468 1962 quid
1511 1883 1667 1943 enim
1712 1882 2007 1958 obstabat,
2049 1884 2362 1961 quominus
2389 1882 2623 1943 Demo?-

410 1989 628 2053 'critus
669 1988 927 2052 adultum
970 1962 1366 2071 Protagoram
1404 1991 1464 2051 in
1510 2008 1760 2053 numero
1804 1991 2226 2071 discipulorum
2267 1991 2626 2070 ‘reciperem‘

614 2099 708 2162 De
767 2097 887 2160 hac¹
947 2097 1105 2161 inter
1153 2099 1540 2162 Meinersium
1592 2087 1977 2179 Geelituuque
2034 2099 2414 2187 dissensione
2473 2098 2621 2160 mihi

410 2206 614 2269 brevi
673 2223 813 2269 esse
873 2207 1048 2285 licet,
1113 2227 1251 2274 eum
1293 2210 1373 2269 de
1411 2209 1594 2271 rebus
1643 2210 1781 2270 istis
1816 2226 1968 2289 quae
2010 2208 2089 2270 ad
2130 2207 2386 2271 baiulum
2429 2208 2622 2288 perti-

340 2333 360 2372 ’.
443 2322 588 2377 nent
633 2314 709 2377 ad
753 2316 1082 2377 secundum
1125 2317 1304 2378 huius
1344 2316 1479 2379 libri
1525 2324 1701 2397 eaput
1741 2317 2001 2379 lectores
2048 2316 2332 2397 delegare
2359 2317 2618 2396 possim3

444 2421 523 2482 de
562 2422 823 2483 Platonis
865 2423 1195 2503 Protagora
1241 2430 1437 2485 autem
1473 2425 1668 2504 capite
1714 2424 1782 2485 V.
1826 2413 2235 2504 disputabitur.
2318 2426 2412 2487 De
2436 2424 2629 2499 Cice-v

436 2530 611 2593 ronis
670 2535 893 2591 tantum
951 2529 1092 2592 ioco
1139 2530 1331 2610 iisque
1383 2540 1537 2610 quae
1595 2530 1672 2594 de
1725 2530 1828 2592 illo
1868 2539 1929 2593 et
1970 2531 2214 2594 Geelius
2256 2538 2318 2593 et
2347 2532 2613 2594 Meister..

442 2636 569 2699 sius
612 2638 959 2701 observavit
1005 2638 1144 2718 quid
1185 2639 1327 2702 mibi
1370 2639 1644 2709 videatur
1680 2639 2001 2721 proferam,
2039 2660 2172 2704 cum
2203 2647 2412 2710 neuter
2445 2657 2619 2702 suani

364 2822 372 2828 ⁶
414 2747 798 2809 ssententiam
841 2745 982 2809 mihi
1045 2746 1338 2827 probarit.
1419 2747 1671 2811 Primum
1714 2749 1873 2810 enim
1924 2749 2116 2811 Geelii
2155 2746 2618 2828 interpungendi

440 2854 902 2935 explicandique
965 2858 1121 2918 ratio
1175 2876 1223 2934 „a
1278 2857 1586 2920 ‘Mansone
1655 2858 1775 2920 iam
1837 2859 2145 2939 proposita
2209 2855 2623 2934 (Vermisehte

418 2962 926 3045 ·Abbandlungen
978 2964 1103 3026 und
1157 2966 1444 3028 Aufsatze
1499 2984 1641 3048 pag.
1678 2967 1737 3030 8.
1799 2967 1959 3046 et'q.
2003 2975 2216 3047 seq.}‚
2281 2982 2620 3045 quanquam

444 3072 702 3152 amplexi
740 3080 1154 3152 sunt-praeter
1196 3074 1346 3135 alios
1390 3074 1650 3136 Ritterus
1704 3074 2103 3136 et'Ptellerus
2144 3073 2614 3154 histem-philos.

445 3179 886 3242 Graeco-Rom.
930 3198 1069 3262 pag.
1121 3181 1301 3259 128,v
1335 3198 1481 3244 vera
1527 3197 1667 3243 esse
1710 3184 1940 3261 nequit..
2014 3183 2261 3245 Namtsi
2305 3181 2622 3261 quisqdili-

442 3294 659 3370 genter
715 3267 1069 3368 intentoque
1120 3290 1319 3351 animo
1381 3290 1693 3354 Ciceronis
1751 3290 1935 3353 verba
1994 3290 2363 3371 perlegerit,
2419 3305 2622 3352 rerum

415 3378 756 3459 illustrium
799 3396 1228 3476 disputationes
1253 3445 1269 3476 ‚
1327 3398 1692 3480 singularum
1736 3416 1945 3460 rerum.
1978 3398 2192 3462 laudes
2229 3397 2621 3478 vituperatio-

322 3493 326 3497 *
441 3522 671 3586 nesque
704 3552 723 3583 ‚
805 3521 960 3587 quae
1033 3511 1246 3586 postea
1314 3526 1348 3569 a
1412 3501 1695 3570 Romanis
1763 3503 2114 3572 communes
2171 3503 2625 3587 appellabamus

438 3612 598 3694 loci,
650 3633 776 3678 non
820 3615 1064 3677 easdem
1110 3614 1227 3677 dici
1270 3622 1452 3696 atque
1488 3624 1818 3696 praecepta
1869 3618 2002 3678 sive
2065 3619 2221 3679 viam
2282 3623 2343 3677 et
2404 3603 2620 3694 artem,

439 3719 621 3784 facile
664 3723 715 3783 is
760 3723 1006 3789 videbit.
1089 3723 1312 3804 Aperte
1372 3725 1531 3786 enim
1577 3723 1839 3806 Gorgiae
1885 3732 1945 3786 et
1985 3725 2353 3806 Protagorae
2406 3723 2619 3804 dispu-

439 3831 701 3891 tationes
742 3833 804 3891 et
844 3830 1224 3913 Antiphontis
1264 3831 1480 3894 similia
1519 3832 1816 3915 quaedam
1857 3834 2200 3912 conscripta
2240 3839 2620 3913 opponuntur

319 4011 325 4026 Ι
389 3998 394 4003 .
441 3938 556 3999 arti
601 3942 660 3998 et
700 3938 834 4000 viae
876 3941 1330 4020 ‘praeceptisque
1360 3939 1620 4002 coracis
1664 3947 1724 4001 et
1766 3929 1982 4005 Tisia'e.
2067 3941 2213 4004 Sunt
2267 3941 2427 4001 enim
2475 3940 2615 4002 iliae

439 4045 869 4127 disputationes
914 4066 950 4109 a
993 4048 1320 4130 Protagora
1369 4035 1728 4129 ceterisque,
1755 4045 1859 4130 ‘qui
1906 4049 2160 4112 eandem
2206 4049 2465 4112 docendi
2508 4065 2618 4110 ra-

433 4151 658 4218 tionem
705 4156 1030 4235 tenebant,
1094 4156 1169 4219 de
1227 4158 1664 4220 universalibus
1713 4158 2067 4238 quibusdam
2124 4160 2489 4239 argumentis
2534 4158 2615 4218 it‘a

430 4266 821 4345 compositae,
867 4271 931 4326 ut
981 4265 1192 4346 quibus
1237 4283 1456 4328 causae
1504 4274 1708 4329 essent
1757 4266 2031 4348 agendae
2077 4266 2192 4328 illis
2230 4267 2399 4347 quasi
2429 4264 2611 4327 armis
2700 4283 2705 4292 ·

420 4390 664 4456 semper
689 4376 915 4456 paratis
959 4375 1042 4439 uti
1080 4381 1345 4457 possent.
1390 4376 1477 4439 De
1502 4377 1655 4440 locis
1678 4377 2088 4441 communibus
2130 4382 2342 4459 agetur
2387 4373 2488 4438 lib.
2509 4372 2609 4440 111.
