<?xml version="1.0" encoding="UTF-8"?>
<!DOCTYPE html PUBLIC "-//W3C//DTD XHTML 1.0 Transitional//EN"
    "http://www.w3.org/TR/xhtml1/DTD/xhtml1-transitional.dtd">
<html xmlns="http://www.w3.org/1999/xhtml" xml:lang="en" lang="en">
 <head>
  <title>
</title>
<meta http-equiv="Content-Type" content="text/html;charset=utf-8" />
  <meta name='ocr-system' content='tesseract 3.04.00' />
  <meta name='ocr-capabilities' content='ocr_page ocr_carea ocr_par ocr_line ocrx_word'/>
</head>
<body>
  <div class='ocr_page' id='page_1' title='image "./quaestionesprot00freigoog_0177.png"; bbox 0 0 2975 4959; ppageno 0'>
   <div class='ocr_carea' id='block_1_1' title="bbox 1189 295 1726 365">
    <p class='ocr_par' dir='ltr' id='par_1_1' title="bbox 1189 295 1726 365">
     <span class='ocr_line' id='line_1_1' title="bbox 1189 295 1726 365; baseline 0 -2"><span class='ocrx_word' id='word_1_1' title='bbox 1189 295 1726 365; x_wconf 83' lang='lat'>-165-</span> 
     </span>
    </p>
   </div>
   <div class='ocr_carea' id='block_1_2' title="bbox 304 475 2551 2176">
    <p class='ocr_par' dir='ltr' id='par_1_2' title="bbox 304 475 2543 882">
     <span class='ocr_line' id='line_1_2' title="bbox 385 475 2543 558; baseline -0.002 -13"><span class='ocrx_word' id='word_1_2' title='bbox 385 485 590 545; x_wconf 81' lang='lat' dir='ltr'><strong>curate</strong></span> <span class='ocrx_word' id='word_1_3' title='bbox 652 480 871 543; x_wconf 82' lang='lat' dir='ltr'><strong>dictum</strong></span> <span class='ocrx_word' id='word_1_4' title='bbox 929 485 1042 542; x_wconf 91' lang='lat' dir='ltr'><strong>est.</strong></span> <span class='ocrx_word' id='word_1_5' title='bbox 1122 478 1267 542; x_wconf 88' lang='lat' dir='ltr'><strong>Nam</strong></span> <span class='ocrx_word' id='word_1_6' title='bbox 1329 478 1553 558; x_wconf 86' lang='lat' dir='ltr'><strong>primus</strong></span> <span class='ocrx_word' id='word_1_7' title='bbox 1613 475 1850 556; x_wconf 87' lang='lat' dir='ltr'><strong>quidem</strong></span> <span class='ocrx_word' id='word_1_8' title='bbox 1909 476 2037 554; x_wconf 86' lang='lat' dir='ltr'><strong>ipse</strong></span> <span class='ocrx_word' id='word_1_9' title='bbox 2095 494 2163 538; x_wconf 90' lang='lat' dir='ltr'><strong>se</strong></span> <span class='ocrx_word' id='word_1_10' title='bbox 2228 479 2543 557; x_wconf 82' lang='lat' dir='ltr'><strong>appellavit</strong></span> 
     </span>
     <span class='ocr_line' id='line_1_3' title="bbox 381 582 2539 668; baseline -0.001 -18"><span class='ocrx_word' id='word_1_11' title='bbox 381 587 706 668; x_wconf 76' lang='lat' dir='ltr'><strong>sophistam</strong></span> <span class='ocrx_word' id='word_1_12' title='bbox 751 598 909 650; x_wconf 82' lang='lat' dir='ltr'><strong>nova</strong></span> <span class='ocrx_word' id='word_1_13' title='bbox 948 587 1120 647; x_wconf 86' lang='lat' dir='ltr'><strong>vocis</strong></span> <span class='ocrx_word' id='word_1_14' title='bbox 1169 586 1643 666; x_wconf 83' lang='lat' dir='ltr'><strong>significatione:</strong></span> <span class='ocrx_word' id='word_1_15' title='bbox 1686 582 1794 645; x_wconf 92' lang='lat' dir='ltr'><strong>sed</strong></span> <span class='ocrx_word' id='word_1_16' title='bbox 1837 582 2139 662; x_wconf 80' lang='lat' dir='ltr'>sophistae</span> <span class='ocrx_word' id='word_1_17' title='bbox 2172 586 2283 645; x_wconf 89' lang='lat' dir='ltr'><strong>iam</strong></span> <span class='ocrx_word' id='word_1_18' title='bbox 2317 586 2539 664; x_wconf 78' lang='lat' dir='ltr'>pridem</span> 
     </span>
     <span class='ocr_line' id='line_1_4' title="bbox 304 690 2543 773; baseline -0.001 -17"><span class='ocrx_word' id='word_1_19' title='bbox 304 730 305 735; x_wconf 20' lang='grc' dir='ltr'><strong>κ</strong></span> <span class='ocrx_word' id='word_1_20' title='bbox 383 694 841 758; x_wconf 81' lang='lat' dir='ltr'><strong>nominabantur</strong></span> <span class='ocrx_word' id='word_1_21' title='bbox 864 692 962 773; x_wconf 87' lang='lat' dir='ltr'><strong>qui</strong></span> <span class='ocrx_word' id='word_1_22' title='bbox 1001 693 1143 754; x_wconf 85' lang='lat' dir='ltr'><strong>artis</strong></span> <span class='ocrx_word' id='word_1_23' title='bbox 1191 693 1439 756; x_wconf 87' lang='lat' dir='ltr'><strong>alicuius</strong></span> <span class='ocrx_word' id='word_1_24' title='bbox 1480 692 1655 772; x_wconf 85' lang='lat' dir='ltr'><strong>periti</strong></span> <span class='ocrx_word' id='word_1_25' title='bbox 1698 690 1793 751; x_wconf 81' lang='lat' dir='ltr'><strong>vel</strong></span> <span class='ocrx_word' id='word_1_26' title='bbox 1839 691 2082 772; x_wconf 87' lang='lat' dir='ltr'><strong>ingenio</strong></span> <span class='ocrx_word' id='word_1_27' title='bbox 2121 700 2288 753; x_wconf 82' lang='lat' dir='ltr'><strong>crant</strong></span> <span class='ocrx_word' id='word_1_28' title='bbox 2331 693 2543 753; x_wconf 82' lang='lat' dir='ltr'><strong>excel-</strong></span> 
     </span>
     <span class='ocr_line' id='line_1_5' title="bbox 380 800 1138 882; baseline -0.004 -18"><span class='ocrx_word' id='word_1_29' title='bbox 380 803 611 864; x_wconf 72' lang='lat' dir='ltr'><strong>lentes=</strong></span> <span class='ocrx_word' id='word_1_30' title='bbox 651 800 770 867; x_wconf 85' lang='lat' dir='ltr'><strong>vid.</strong></span> <span class='ocrx_word' id='word_1_31' title='bbox 811 818 949 882; x_wconf 86' lang='lat' dir='ltr'><strong>pag.</strong></span> <span class='ocrx_word' id='word_1_32' title='bbox 1003 800 1138 862; x_wconf 86' lang='lat'><strong>117.</strong></span> 
     </span>
    </p>

    <p class='ocr_par' dir='ltr' id='par_1_3' title="bbox 380 904 2551 2176">
     <span class='ocr_line' id='line_1_6' title="bbox 549 904 2545 988; baseline 0 -19"><span class='ocrx_word' id='word_1_33' title='bbox 549 906 735 970; x_wconf 85' lang='lat' dir='ltr'><strong>Haud·</strong></span> <span class='ocrx_word' id='word_1_34' title='bbox 767 909 934 988; x_wconf 87' lang='lat' dir='ltr'><strong>parvi</strong></span> <span class='ocrx_word' id='word_1_35' title='bbox 977 914 1160 969; x_wconf 87' lang='lat' dir='ltr'><strong>artem</strong></span> <span class='ocrx_word' id='word_1_36' title='bbox 1201 923 1366 967; x_wconf 90' lang='lat' dir='ltr'><strong>suam</strong></span> <span class='ocrx_word' id='word_1_37' title='bbox 1409 904 1758 968; x_wconf 91' lang='lat' dir='ltr'><strong>vendidisse</strong></span> <span class='ocrx_word' id='word_1_38' title='bbox 1799 905 2120 986; x_wconf 80' lang='lat' dir='ltr'><strong>sophistam</strong></span> <span class='ocrx_word' id='word_1_39' title='bbox 2155 924 2230 967; x_wconf 85' lang='lat' dir='ltr'><strong>ex</strong></span> <span class='ocrx_word' id='word_1_40' title='bbox 2259 907 2545 987; x_wconf 79' lang='lat' dir='ltr'><strong>Diogenis</strong></span> 
     </span>
     <span class='ocr_line' id='line_1_7' title="bbox 382 1003 2543 1093; baseline -0.004 -16"><span class='ocrx_word' id='word_1_41' title='bbox 382 1016 585 1079; x_wconf 86' lang='lat' dir='ltr'><strong>verbis</strong></span> <span class='ocrx_word' id='word_1_42' title='bbox 627 1014 885 1076; x_wconf 84' lang='lat' dir='ltr'><strong>fortasse</strong></span> <span class='ocrx_word' id='word_1_43' title='bbox 931 1030 1219 1093; x_wconf 90' lang='lat' dir='ltr'><strong>apparere</strong></span> <span class='ocrx_word' id='word_1_44' title='bbox 1264 1013 1535 1074; x_wconf 86' lang='lat' dir='ltr'><strong>videatur</strong></span> <span class='ocrx_word' id='word_1_45' title='bbox 1577 1014 1676 1074; x_wconf 89' lang='lat' dir='ltr'><strong>lib.</strong></span> <span class='ocrx_word' id='word_1_46' title='bbox 1721 1014 1817 1075; x_wconf 89' lang='lat' dir='ltr'><strong>lX.</strong></span> <span class='ocrx_word' id='word_1_47' title='bbox 1864 1023 1916 1088; x_wconf 84' lang='lat'><strong>§.</strong></span> <span class='ocrx_word' id='word_1_48' title='bbox 1961 1014 2074 1075; x_wconf 77' lang='lat'><strong>52:</strong></span> <span class='ocrx_word' id='word_1_49' title='bbox 2130 1003 2327 1089; x_wconf 77' lang='grc' dir='ltr'><strong><em>Οὗτος</em></strong></span> <span class='ocrx_word' id='word_1_50' title='bbox 2370 1015 2543 1090; x_wconf 75' lang='grc' dir='ltr'><strong><em>πρῶ..</em></strong></span> 
     </span>
     <span class='ocr_line' id='line_1_8' title="bbox 380 1106 2546 1201; baseline -0.001 -16"><span class='ocrx_word' id='word_1_51' title='bbox 380 1144 482 1195; x_wconf 88' lang='grc' dir='ltr'><strong>τος</strong></span> <span class='ocrx_word' id='word_1_52' title='bbox 521 1117 759 1198; x_wconf 73' lang='grc' dir='ltr'><strong><em>μισθὸν</em></strong></span> <span class='ocrx_word' id='word_1_53' title='bbox 799 1106 1202 1201; x_wconf 78' lang='grc' dir='ltr'><strong><em>εἶοεπρὰξατο</em></strong></span> <span class='ocrx_word' id='word_1_54' title='bbox 1243 1121 1408 1198; x_wconf 75' lang='grc' dir='ltr'><strong><em>μνᾶς</em></strong></span> <span class='ocrx_word' id='word_1_55' title='bbox 1442 1114 1684 1182; x_wconf 74' lang='grc' dir='ltr'><strong>ἑκατόν.</strong></span> <span class='ocrx_word' id='word_1_56' title='bbox 1775 1121 1947 1195; x_wconf 85' lang='lat' dir='ltr'><strong>Quod</strong></span> <span class='ocrx_word' id='word_1_57' title='bbox 2004 1124 2367 1200; x_wconf 82' lang='lat' dir='ltr'><strong>repetierunt</strong></span> <span class='ocrx_word' id='word_1_58' title='bbox 2406 1121 2546 1184; x_wconf 84' lang='lat' dir='ltr'><strong>Sui-</strong></span> 
     </span>
     <span class='ocr_line' id='line_1_9' title="bbox 387 1226 2546 1309; baseline -0.004 -17"><span class='ocrx_word' id='word_1_59' title='bbox 387 1230 494 1292; x_wconf 84' lang='lat' dir='ltr'><strong>das</strong></span> <span class='ocrx_word' id='word_1_60' title='bbox 542 1246 592 1292; x_wconf 85' lang='lat' dir='ltr'><strong>S.</strong></span> <span class='ocrx_word' id='word_1_61' title='bbox 635 1247 692 1290; x_wconf 83' lang='grc' dir='ltr'><strong>ν.</strong></span> <span class='ocrx_word' id='word_1_62' title='bbox 734 1228 1171 1309; x_wconf 80' lang='grc' dir='ltr'><strong><em>Πρωταγόρας</em></strong></span> <span class='ocrx_word' id='word_1_63' title='bbox 1213 1233 1274 1288; x_wconf 85' lang='lat' dir='ltr'><strong>et</strong></span> <span class='ocrx_word' id='word_1_64' title='bbox 1319 1228 1508 1289; x_wconf 86' lang='lat' dir='ltr'><strong>schol.</strong></span> <span class='ocrx_word' id='word_1_65' title='bbox 1553 1226 1693 1289; x_wconf 87' lang='lat' dir='ltr'><strong>Plat.</strong></span> <span class='ocrx_word' id='word_1_66' title='bbox 1722 1246 1856 1309; x_wconf 87' lang='lat' dir='ltr'><strong>pag.</strong></span> <span class='ocrx_word' id='word_1_67' title='bbox 1895 1230 2027 1290; x_wconf 81' lang='lat'><strong>150.</strong></span> <span class='ocrx_word' id='word_1_68' title='bbox 2054 1229 2211 1288; x_wconf 74' lang='lat' dir='ltr'><strong>ind:</strong></span> <span class='ocrx_word' id='word_1_69' title='bbox 2269 1231 2403 1288; x_wconf 75' lang='grc' dir='ltr'><strong>Καί</strong></span> <span class='ocrx_word' id='word_1_70' title='bbox 2441 1252 2546 1305; x_wconf 74' lang='grc' dir='ltr'><strong>με-</strong></span> 
     </span>
     <span class='ocr_line' id='line_1_10' title="bbox 385 1324 2541 1416; baseline -0.001 -16"><span class='ocrx_word' id='word_1_71' title='bbox 385 1334 547 1400; x_wconf 73' lang='grc' dir='ltr'><strong>σθόν</strong></span> <span class='ocrx_word' id='word_1_72' title='bbox 589 1333 819 1416; x_wconf 80' lang='grc' dir='ltr'><strong><em>ἔπραξε</em></strong></span> <span class='ocrx_word' id='word_1_73' title='bbox 859 1331 1006 1406; x_wconf 76' lang='grc' dir='ltr'><strong>,τούς</strong></span> <span class='ocrx_word' id='word_1_74' title='bbox 1049 1332 1339 1414; x_wconf 74' lang='grc' dir='ltr'><strong><em>μαθητάς</em></strong></span> <span class='ocrx_word' id='word_1_75' title='bbox 1377 1337 1540 1413; x_wconf 85' lang='grc' dir='ltr'><strong>μνᾶς</strong></span> <span class='ocrx_word' id='word_1_76' title='bbox 1564 1329 1805 1399; x_wconf 75' lang='grc' dir='ltr'><strong>ἑκατόν.</strong></span> <span class='ocrx_word' id='word_1_77' title='bbox 1855 1324 2283 1411; x_wconf 69' lang='grc' dir='ltr'><strong>Οοηΐ.ὈιιίηῑίΙ.</strong></span> <span class='ocrx_word' id='word_1_78' title='bbox 2320 1337 2418 1397; x_wconf 83' lang='lat' dir='ltr'><strong>tib.</strong></span> <span class='ocrx_word' id='word_1_79' title='bbox 2445 1335 2541 1398; x_wconf 86' lang='lat'><strong>111.</strong></span> 
     </span>
     <span class='ocr_line' id='line_1_11' title="bbox 387 1442 2545 1526; baseline -0.002 -17"><span class='ocrx_word' id='word_1_80' title='bbox 387 1460 518 1525; x_wconf 85' lang='lat' dir='ltr'><strong>cap.</strong></span> <span class='ocrx_word' id='word_1_81' title='bbox 564 1444 610 1506; x_wconf 70' lang='lat'><strong>1³.</strong></span> <span class='ocrx_word' id='word_1_82' title='bbox 661 1455 721 1523; x_wconf 66' lang='grc' dir='ltr'><strong>ς.</strong></span> <span class='ocrx_word' id='word_1_83' title='bbox 772 1443 885 1505; x_wconf 81' lang='lat'><strong>10:</strong></span> <span class='ocrx_word' id='word_1_84' title='bbox 950 1442 1301 1521; x_wconf 80' lang='lat' dir='ltr'><strong>„Abderites</strong></span> <span class='ocrx_word' id='word_1_85' title='bbox 1342 1443 1738 1525; x_wconf 81' lang='lat' dir='ltr'><strong>Protagoras,</strong></span> <span class='ocrx_word' id='word_1_86' title='bbox 1797 1463 1830 1506; x_wconf 92' lang='lat' dir='ltr'><strong>a</strong></span> <span class='ocrx_word' id='word_1_87' title='bbox 1871 1463 1989 1526; x_wconf 92' lang='lat' dir='ltr'><strong>quo</strong></span> <span class='ocrx_word' id='word_1_88' title='bbox 2036 1445 2242 1506; x_wconf 90' lang='lat' dir='ltr'><strong>decem</strong></span> <span class='ocrx_word' id='word_1_89' title='bbox 2293 1444 2545 1507; x_wconf 85' lang='lat' dir='ltr'><strong>millibus</strong></span> 
     </span>
     <span class='ocr_line' id='line_1_12' title="bbox 386 1548 2547 1633; baseline -0 -18"><span class='ocrx_word' id='word_1_90' title='bbox 386 1548 764 1633; x_wconf 88' lang='lat' dir='ltr'><strong>denariorum</strong></span> <span class='ocrx_word' id='word_1_91' title='bbox 812 1550 1096 1612; x_wconf 83' lang='lat' dir='ltr'><strong>didicisse</strong></span> <span class='ocrx_word' id='word_1_92' title='bbox 1138 1556 1325 1610; x_wconf 86' lang='lat' dir='ltr'><strong>artem</strong></span> <span class='ocrx_word' id='word_1_93' title='bbox 1375 1569 1546 1630; x_wconf 88' lang='lat' dir='ltr'><strong>quam</strong></span> <span class='ocrx_word' id='word_1_94' title='bbox 1587 1551 1772 1612; x_wconf 87' lang='lat' dir='ltr'><strong>edidit</strong></span> <span class='ocrx_word' id='word_1_95' title='bbox 1812 1552 2091 1613; x_wconf 86' lang='lat' dir='ltr'><strong>Euathlus</strong></span> <span class='ocrx_word' id='word_1_96' title='bbox 2138 1554 2411 1614; x_wconf 85' lang='lat' dir='ltr'><strong>dicitur.“</strong></span> <span class='ocrx_word' id='word_1_97' title='bbox 2459 1555 2547 1615; x_wconf 91' lang='lat' dir='ltr'><strong>De</strong></span> 
     </span>
     <span class='ocr_line' id='line_1_13' title="bbox 384 1657 2546 1740; baseline -0.001 -16"><span class='ocrx_word' id='word_1_98' title='bbox 384 1667 501 1725; x_wconf 84' lang='lat' dir='ltr'><strong>suo‘</strong></span> <span class='ocrx_word' id='word_1_99' title='bbox 538 1677 662 1722; x_wconf 87' lang='lat' dir='ltr'><strong>rem</strong></span> <span class='ocrx_word' id='word_1_100' title='bbox 707 1661 907 1739; x_wconf 87' lang='lat' dir='ltr'><strong>inepte</strong></span> <span class='ocrx_word' id='word_1_101' title='bbox 931 1664 1183 1718; x_wconf 82' lang='lat' dir='ltr'><strong>exornat</strong></span> <span class='ocrx_word' id='word_1_102' title='bbox 1212 1657 1433 1720; x_wconf 78' lang='lat' dir='ltr'><strong>Gellius</strong></span> <span class='ocrx_word' id='word_1_103' title='bbox 1465 1658 1651 1721; x_wconf 89' lang='lat' dir='ltr'><strong>lib.V.</strong></span> <span class='ocrx_word' id='word_1_104' title='bbox 1694 1676 1824 1738; x_wconf 91' lang='lat' dir='ltr'><strong>cap.</strong></span> <span class='ocrx_word' id='word_1_105' title='bbox 1851 1661 1921 1721; x_wconf 85' lang='lat'><strong>3:</strong></span> <span class='ocrx_word' id='word_1_106' title='bbox 1971 1661 2312 1739; x_wconf 81' lang='lat' dir='ltr'><strong>„Pecuniam</strong></span> <span class='ocrx_word' id='word_1_107' title='bbox 2335 1662 2546 1740; x_wconf 88' lang='lat' dir='ltr'><strong>quippe</strong></span> 
     </span>
     <span class='ocr_line' id='line_1_14' title="bbox 385 1763 2548 1854; baseline -0.001 -24"><span class='ocrx_word' id='word_1_108' title='bbox 385 1771 692 1850; x_wconf 87' lang='lat' dir='ltr'><strong>ingentem</strong></span> <span class='ocrx_word' id='word_1_109' title='bbox 753 1763 886 1828; x_wconf 83' lang='lat' dir='ltr'><strong>cum</strong></span> <span class='ocrx_word' id='word_1_110' title='bbox 955 1783 989 1826; x_wconf 86' lang='lat' dir='ltr'><strong>a</strong></span> <span class='ocrx_word' id='word_1_111' title='bbox 1032 1764 1335 1845; x_wconf 86' lang='lat' dir='ltr'><strong>discipulis</strong></span> <span class='ocrx_word' id='word_1_112' title='bbox 1376 1767 1678 1845; x_wconf 88' lang='lat' dir='ltr'><strong>acciperet</strong></span> <span class='ocrx_word' id='word_1_113' title='bbox 1720 1775 2009 1830; x_wconf 86' lang='lat' dir='ltr'><strong>annuam“</strong></span> <span class='ocrx_word' id='word_1_114' title='bbox 2053 1774 2113 1829; x_wconf 92' lang='lat' dir='ltr'><strong>et</strong></span> <span class='ocrx_word' id='word_1_115' title='bbox 2155 1786 2210 1848; x_wconf 87' lang='lat' dir='ltr'><strong>q.</strong></span> <span class='ocrx_word' id='word_1_116' title='bbox 2253 1785 2419 1854; x_wconf 86' lang='lat' dir='ltr'><strong>seqq.</strong></span> <span class='ocrx_word' id='word_1_117' title='bbox 2467 1808 2548 1820; x_wconf 89' lang='lat'>-</span> 
     </span>
     <span class='ocr_line' id='line_1_15' title="bbox 383 1875 2551 1958; baseline -0 -17"><span class='ocrx_word' id='word_1_118' title='bbox 383 1877 581 1958; x_wconf 81' lang='lat' dir='ltr'><strong>Atque</strong></span> <span class='ocrx_word' id='word_1_119' title='bbox 646 1875 766 1939; x_wconf 86' lang='lat' dir='ltr'><strong>hoc</strong></span> <span class='ocrx_word' id='word_1_120' title='bbox 823 1875 968 1953; x_wconf 82' lang='lat' dir='ltr'><strong>fult,</strong></span> <span class='ocrx_word' id='word_1_121' title='bbox 1037 1893 1145 1936; x_wconf 90' lang='lat' dir='ltr'><strong>cur</strong></span> <span class='ocrx_word' id='word_1_122' title='bbox 1185 1875 1552 1956; x_wconf 84' lang='lat' dir='ltr'><strong>Protagorae</strong></span> <span class='ocrx_word' id='word_1_123' title='bbox 1610 1877 1850 1938; x_wconf 85' lang='lat' dir='ltr'><strong>nimiam</strong></span> <span class='ocrx_word' id='word_1_124' title='bbox 1894 1876 2075 1957; x_wconf 90' lang='lat' dir='ltr'><strong>vulgo</strong></span> <span class='ocrx_word' id='word_1_125' title='bbox 2120 1880 2551 1956; x_wconf 86' lang='lat' dir='ltr'><strong>exprobrarent</strong></span> 
     </span>
     <span class='ocr_line' id='line_1_16' title="bbox 385 1982 2548 2065; baseline -0 -16"><span class='ocrx_word' id='word_1_126' title='bbox 385 1986 711 2049; x_wconf 89' lang='lat' dir='ltr'><strong>avaritiam.</strong></span> <span class='ocrx_word' id='word_1_127' title='bbox 761 1983 877 2047; x_wconf 90' lang='lat' dir='ltr'><strong>Sed</strong></span> <span class='ocrx_word' id='word_1_128' title='bbox 925 1989 984 2046; x_wconf 84' lang='lat' dir='ltr'><strong>et</strong></span> <span class='ocrx_word' id='word_1_129' title='bbox 1021 1982 1186 2045; x_wconf 77' lang='lat' dir='ltr'><strong>&#39;Plato</strong></span> <span class='ocrx_word' id='word_1_130' title='bbox 1231 1990 1292 2044; x_wconf 93' lang='lat' dir='ltr'><strong>et</strong></span> <span class='ocrx_word' id='word_1_131' title='bbox 1317 1983 1672 2044; x_wconf 86' lang='lat' dir='ltr'><strong>Aristoteles</strong></span> <span class='ocrx_word' id='word_1_132' title='bbox 1724 1983 2046 2065; x_wconf 65' lang='lat' dir='ltr'><strong>sophistam</strong></span> <span class='ocrx_word' id='word_1_133' title='bbox 2092 1987 2428 2047; x_wconf 87' lang='lat' dir='ltr'><strong>mercedem</strong></span> <span class='ocrx_word' id='word_1_134' title='bbox 2463 1987 2548 2048; x_wconf 82' lang='lat' dir='ltr'><strong>ita</strong></span> 
     </span>
     <span class='ocr_line' id='line_1_17' title="bbox 386 2090 2548 2176; baseline -0.001 -19"><span class='ocrx_word' id='word_1_135' title='bbox 386 2096 669 2176; x_wconf 85' lang='lat' dir='ltr'><strong>exegisse</strong></span> <span class='ocrx_word' id='word_1_136' title='bbox 709 2092 934 2168; x_wconf 89' lang='lat' dir='ltr'><strong>dicunt,</strong></span> <span class='ocrx_word' id='word_1_137' title='bbox 984 2100 1047 2154; x_wconf 88' lang='lat' dir='ltr'><strong>ut</strong></span> <span class='ocrx_word' id='word_1_138' title='bbox 1069 2098 1312 2171; x_wconf 85' lang='lat' dir='ltr'><strong>peracto</strong></span> <span class='ocrx_word' id='word_1_139' title='bbox 1357 2090 1630 2152; x_wconf 88' lang='lat' dir='ltr'><strong>discendi</strong></span> <span class='ocrx_word' id='word_1_140' title='bbox 1674 2110 1854 2153; x_wconf 88' lang='lat' dir='ltr'><strong>cursu</strong></span> <span class='ocrx_word' id='word_1_141' title='bbox 1894 2094 1993 2173; x_wconf 88' lang='lat' dir='ltr'><strong>qui</strong></span> <span class='ocrx_word' id='word_1_142' title='bbox 2035 2092 2256 2154; x_wconf 90' lang='lat' dir='ltr'><strong>scholis</strong></span> <span class='ocrx_word' id='word_1_143' title='bbox 2301 2111 2371 2153; x_wconf 85' lang='lat' dir='ltr'><strong>ac</strong></span> <span class='ocrx_word' id='word_1_144' title='bbox 2416 2095 2548 2155; x_wconf 90' lang='lat' dir='ltr'><strong>dis-</strong></span> 
     </span>
    </p>
   </div>
   <div class='ocr_carea' id='block_1_3' title="bbox 2958 123 2966 1049">
    <p class='ocr_par' dir='ltr' id='par_1_4' title="bbox 2958 123 2966 1049">
     <span class='ocr_line' id='line_1_18' title="bbox 2958 123 2966 1049; baseline 0 0"><span class='ocrx_word' id='word_1_145' title='bbox 2958 123 2966 1049; x_wconf 95' lang='lat' dir='ltr'><strong> </strong></span> 
     </span>
    </p>
   </div>
   <div class='ocr_carea' id='block_1_4' title="bbox 2958 123 2969 1406">
    <p class='ocr_par' dir='ltr' id='par_1_5' title="bbox 2958 123 2969 1406">
     <span class='ocr_line' id='line_1_19' title="bbox 2958 123 2969 1406; baseline 0 0"><span class='ocrx_word' id='word_1_146' title='bbox 2958 123 2969 1406; x_wconf 95' lang='lat' dir='ltr'><strong> </strong></span> 
     </span>
    </p>
   </div>
   <div class='ocr_carea' id='block_1_5' title="bbox 384 2200 2669 2284">
    <p class='ocr_par' dir='ltr' id='par_1_6' title="bbox 384 2200 2669 2284">
     <span class='ocr_line' id='line_1_20' title="bbox 384 2200 2669 2284; baseline -0 -21"><span class='ocrx_word' id='word_1_147' title='bbox 384 2201 788 2284; x_wconf 87' lang='lat' dir='ltr'><strong>putationibus</strong></span> <span class='ocrx_word' id='word_1_148' title='bbox 833 2202 958 2263; x_wconf 89' lang='lat' dir='ltr'><strong>suis</strong></span> <span class='ocrx_word' id='word_1_149' title='bbox 1010 2200 1416 2267; x_wconf 85' lang='lat' dir='ltr'><strong>interfuissent</strong></span> <span class='ocrx_word' id='word_1_150' title='bbox 1458 2200 1621 2278; x_wconf 90' lang='lat' dir='ltr'><strong>ipsos</strong></span> <span class='ocrx_word' id='word_1_151' title='bbox 1666 2202 1980 2260; x_wconf 89' lang='lat' dir='ltr'><strong>aestimare</strong></span> <span class='ocrx_word' id='word_1_152' title='bbox 2026 2201 2258 2262; x_wconf 87' lang='lat' dir='ltr'><strong>iuberet</strong></span> <span class='ocrx_word' id='word_1_153' title='bbox 2294 2203 2546 2279; x_wconf 87' lang='lat' dir='ltr'><strong>pretium</strong></span> <span class='ocrx_word' id='word_1_154' title='bbox 2661 2226 2669 2239; x_wconf 94' lang='lat'><strong>·</strong></span> 
     </span>
    </p>
   </div>
   <div class='ocr_carea' id='block_1_6' title="bbox 377 2305 2551 4432">
    <p class='ocr_par' dir='ltr' id='par_1_7' title="bbox 377 2305 2551 4432">
     <span class='ocr_line' id='line_1_21' title="bbox 384 2305 2546 2390; baseline -0.001 -18"><span class='ocrx_word' id='word_1_155' title='bbox 384 2326 593 2372; x_wconf 89' lang='lat' dir='ltr'><strong>eorum</strong></span> <span class='ocrx_word' id='word_1_156' title='bbox 656 2326 808 2390; x_wconf 86' lang='lat' dir='ltr'><strong>quae</strong></span> <span class='ocrx_word' id='word_1_157' title='bbox 860 2307 1280 2389; x_wconf 80' lang='lat' dir='ltr'><strong>profecissent.</strong></span> <span class='ocrx_word' id='word_1_158' title='bbox 1364 2308 1522 2390; x_wconf 87' lang='lat' dir='ltr'><strong>Prot.</strong></span> <span class='ocrx_word' id='word_1_159' title='bbox 1574 2325 1709 2389; x_wconf 89' lang='lat' dir='ltr'><strong>pag.</strong></span> <span class='ocrx_word' id='word_1_160' title='bbox 1753 2308 1896 2370; x_wconf 73' lang='lat'><strong>328.</strong></span> <span class='ocrx_word' id='word_1_161' title='bbox 1939 2309 2022 2369; x_wconf 79' lang='lat' dir='ltr'><strong>B:</strong></span> <span class='ocrx_word' id='word_1_162' title='bbox 2083 2305 2369 2370; x_wconf 72' lang='grc' dir='ltr'><strong><em>Ἐπειδὰν</em></strong></span> <span class='ocrx_word' id='word_1_163' title='bbox 2424 2305 2546 2388; x_wconf 78' lang='grc' dir='ltr'><strong>γάρ</strong></span> 
     </span>
     <span class='ocr_line' id='line_1_22' title="bbox 381 2408 2546 2502; baseline -0.002 -21"><span class='ocrx_word' id='word_1_164' title='bbox 381 2441 474 2491; x_wconf 84' lang='grc' dir='ltr'><strong><em>τις</em></strong></span> <span class='ocrx_word' id='word_1_165' title='bbox 523 2418 670 2500; x_wconf 84' lang='grc' dir='ltr'><strong><em>παρ’</em></strong></span> <span class='ocrx_word' id='word_1_166' title='bbox 711 2416 867 2496; x_wconf 77' lang='grc' dir='ltr'><strong><em>ἐμοῦ</em></strong></span> <span class='ocrx_word' id='word_1_167' title='bbox 906 2408 1125 2502; x_wconf 59' lang='grc' dir='ltr'><strong><em>μάθῃ,</em></strong></span> <span class='ocrx_word' id='word_1_168' title='bbox 1175 2412 1286 2477; x_wconf 74' lang='grc' dir='ltr'><strong>ἐὰν</strong></span> <span class='ocrx_word' id='word_1_169' title='bbox 1327 2418 1442 2494; x_wconf 82' lang='grc' dir='ltr'><strong>μὲν</strong></span> <span class='ocrx_word' id='word_1_170' title='bbox 1496 2414 1842 2498; x_wconf 82' lang='grc' dir='ltr'><strong><em>βούληται,</em></strong></span> <span class='ocrx_word' id='word_1_171' title='bbox 1907 2415 2297 2486; x_wconf 61' lang='lat' dir='ltr'><strong>duod-{dccxcv</strong></span> <span class='ocrx_word' id='word_1_172' title='bbox 2348 2409 2383 2474; x_wconf 75' lang='grc' dir='ltr'>ὃ</span> <span class='ocrx_word' id='word_1_173' title='bbox 2425 2414 2546 2495; x_wconf 75' lang='grc' dir='ltr'><strong>ἐγώ</strong></span> 
     </span>
     <span class='ocr_line' id='line_1_23' title="bbox 379 2516 2551 2606; baseline -0.002 -17"><span class='ocrx_word' id='word_1_174' title='bbox 379 2524 735 2606; x_wconf 79' lang='grc' dir='ltr'><strong><em>πράττομαι</em></strong></span> <span class='ocrx_word' id='word_1_175' title='bbox 795 2520 1136 2605; x_wconf 70' lang='grc' dir='ltr'><strong><em>ἀργύριον·</em></strong></span> <span class='ocrx_word' id='word_1_176' title='bbox 1223 2519 1335 2586; x_wconf 72' lang='grc' dir='ltr'><strong>ἐὰν</strong></span> <span class='ocrx_word' id='word_1_177' title='bbox 1393 2523 1461 2586; x_wconf 80' lang='grc' dir='ltr'><strong>δὲ</strong></span> <span class='ocrx_word' id='word_1_178' title='bbox 1503 2516 1634 2604; x_wconf 82' lang='grc' dir='ltr'><strong>μή,</strong></span> <span class='ocrx_word' id='word_1_179' title='bbox 1698 2522 1902 2586; x_wconf 74' lang='grc' dir='ltr'><strong><em>ἐλθών</em></strong></span> <span class='ocrx_word' id='word_1_180' title='bbox 1963 2523 2052 2596; x_wconf 81' lang='grc' dir='ltr'><strong>εἷς</strong></span> <span class='ocrx_word' id='word_1_181' title='bbox 2099 2518 2272 2602; x_wconf 81' lang='grc' dir='ltr'><strong><em>ἱερὸν</em></strong></span> <span class='ocrx_word' id='word_1_182' title='bbox 2314 2519 2551 2599; x_wconf 80' lang='grc' dir='ltr'><strong><em>ὀμόσας</em></strong></span> 
     </span>
     <span class='ocr_line' id='line_1_24' title="bbox 383 2625 2542 2716; baseline -0.001 -21"><span class='ocrx_word' id='word_1_183' title='bbox 383 2626 534 2696; x_wconf 71' lang='grc' dir='ltr'><strong><em>ὅσον</em></strong></span> <span class='ocrx_word' id='word_1_184' title='bbox 575 2626 655 2695; x_wconf 66' lang='grc' dir='ltr'><strong>ἂν</strong></span> <span class='ocrx_word' id='word_1_185' title='bbox 705 2632 797 2716; x_wconf 81' lang='grc' dir='ltr'><strong>φῇ</strong></span> <span class='ocrx_word' id='word_1_186' title='bbox 852 2625 996 2707; x_wconf 68' lang='grc' dir='ltr'><strong><em>ἄξια</em></strong></span> <span class='ocrx_word' id='word_1_187' title='bbox 1057 2626 1216 2695; x_wconf 75' lang='grc' dir='ltr'><strong><em>εἶναι</em></strong></span> <span class='ocrx_word' id='word_1_188' title='bbox 1277 2628 1359 2694; x_wconf 79' lang='grc' dir='ltr'><strong>τοὶ</strong></span> <span class='ocrx_word' id='word_1_189' title='bbox 1416 2629 1814 2712; x_wconf 71' lang='grc' dir='ltr'><strong><em>μαθήματα,</em></strong></span> <span class='ocrx_word' id='word_1_190' title='bbox 1878 2630 2169 2693; x_wconf 79' lang='grc' dir='ltr'><strong><em>τοσοῦτον</em></strong></span> <span class='ocrx_word' id='word_1_191' title='bbox 2213 2633 2542 2712; x_wconf 76' lang='grc' dir='ltr'><strong><em>κατέθηκε.</em></strong></span> 
     </span>
     <span class='ocr_line' id='line_1_25' title="bbox 382 2736 2545 2815; baseline -0.002 -12"><span class='ocrx_word' id='word_1_192' title='bbox 382 2739 559 2815; x_wconf 86' lang='lat' dir='ltr'><strong>Quod</strong></span> <span class='ocrx_word' id='word_1_193' title='bbox 601 2755 724 2801; x_wconf 91' lang='lat' dir='ltr'><strong>non</strong></span> <span class='ocrx_word' id='word_1_194' title='bbox 764 2739 896 2800; x_wconf 88' lang='lat' dir='ltr'><strong>sine</strong></span> <span class='ocrx_word' id='word_1_195' title='bbox 934 2739 1275 2800; x_wconf 88' lang='lat' dir='ltr'><strong>laudatione</strong></span> <span class='ocrx_word' id='word_1_196' title='bbox 1316 2745 1679 2800; x_wconf 87' lang='lat' dir='ltr'><strong>memoratur</strong></span> <span class='ocrx_word' id='word_1_197' title='bbox 1709 2737 1958 2799; x_wconf 87' lang='lat' dir='ltr'><strong>Aristot.</strong></span> <span class='ocrx_word' id='word_1_198' title='bbox 2000 2736 2135 2798; x_wconf 88' lang='lat' dir='ltr'><strong>Eth.</strong></span> <span class='ocrx_word' id='word_1_199' title='bbox 2175 2738 2400 2800; x_wconf 89' lang='lat' dir='ltr'><strong>Nicom.</strong></span> <span class='ocrx_word' id='word_1_200' title='bbox 2445 2738 2545 2798; x_wconf 89' lang='lat' dir='ltr'><strong>lib.</strong></span> 
     </span>
     <span class='ocr_line' id='line_1_26' title="bbox 382 2842 2545 2928; baseline -0.003 -15"><span class='ocrx_word' id='word_1_201' title='bbox 382 2849 483 2913; x_wconf 86' lang='lat' dir='ltr'><strong>lx.</strong></span> <span class='ocrx_word' id='word_1_202' title='bbox 533 2866 660 2928; x_wconf 83' lang='lat' dir='ltr'><strong>cap.</strong></span> <span class='ocrx_word' id='word_1_203' title='bbox 712 2850 763 2911; x_wconf 88' lang='lat'><strong>1.</strong></span> <span class='ocrx_word' id='word_1_204' title='bbox 809 2853 949 2909; x_wconf 79' lang='lat' dir='ltr'><strong>tom.</strong></span> <span class='ocrx_word' id='word_1_205' title='bbox 992 2846 1059 2908; x_wconf 92' lang='lat'><strong>11.</strong></span> <span class='ocrx_word' id='word_1_206' title='bbox 1110 2865 1244 2927; x_wconf 80' lang='lat' dir='ltr'><strong>pag.</strong></span> <span class='ocrx_word' id='word_1_207' title='bbox 1289 2845 1462 2908; x_wconf 79' lang='lat'><strong>1164.</strong></span> <span class='ocrx_word' id='word_1_208' title='bbox 1507 2845 1724 2908; x_wconf 83' lang='lat' dir='ltr'><strong>Bekk.:</strong></span> <span class='ocrx_word' id='word_1_209' title='bbox 1782 2842 1910 2926; x_wconf 78' lang='grc' dir='ltr'><strong>Τὴν</strong></span> <span class='ocrx_word' id='word_1_210' title='bbox 1950 2846 2125 2919; x_wconf 81' lang='grc' dir='ltr'><strong><em>α”ξιάν</em></strong></span> <span class='ocrx_word' id='word_1_211' title='bbox 2171 2846 2240 2906; x_wconf 74' lang='grc' dir='ltr'><strong>δὲ</strong></span> <span class='ocrx_word' id='word_1_212' title='bbox 2283 2847 2545 2925; x_wconf 79' lang='grc' dir='ltr'><em>ποτέρου</em></span> 
     </span>
     <span class='ocr_line' id='line_1_27' title="bbox 381 2946 2541 3034; baseline -0.004 -15"><span class='ocrx_word' id='word_1_213' title='bbox 381 2953 570 3033; x_wconf 78' lang='grc' dir='ltr'><strong><em>τάξαι</em></strong></span> <span class='ocrx_word' id='word_1_214' title='bbox 624 2957 795 3018; x_wconf 75' lang='grc' dir='ltr'><strong><em>ἐστίν</em></strong></span> <span class='ocrx_word' id='word_1_215' title='bbox 809 2982 833 3027; x_wconf 91' lang='lat'><em>;</em></span> <span class='ocrx_word' id='word_1_216' title='bbox 908 2955 1018 3016; x_wconf 75' lang='grc' dir='ltr'><strong>τοῦ</strong></span> <span class='ocrx_word' id='word_1_217' title='bbox 1083 2955 1453 3034; x_wconf 75' lang='grc' dir='ltr'><strong><em>προϊεμένου</em></strong></span> <span class='ocrx_word' id='word_1_218' title='bbox 1516 2946 1559 3034; x_wconf 74' lang='grc' dir='ltr'><em>ἢ</em></span> <span class='ocrx_word' id='word_1_219' title='bbox 1615 2956 1725 3015; x_wconf 78' lang='grc' dir='ltr'><strong>τοῦ</strong></span> <span class='ocrx_word' id='word_1_220' title='bbox 1785 2950 2255 3033; x_wconf 80' lang='grc' dir='ltr'><strong><em>προλαβόντος,·</em></strong></span> <span class='ocrx_word' id='word_1_221' title='bbox 2322 2950 2355 3012; x_wconf 81' lang='grc' dir='ltr'>ὅ</span> <span class='ocrx_word' id='word_1_222' title='bbox 2417 2947 2541 3033; x_wconf 73' lang='grc' dir='ltr'><strong>γάρ</strong></span> 
     </span>
     <span class='ocr_line' id='line_1_28' title="bbox 380 3052 2547 3145; baseline -0.003 -19"><span class='ocrx_word' id='word_1_223' title='bbox 380 3064 746 3141; x_wconf 78' lang='grc' dir='ltr'><strong><em>προϊέμενος</em></strong></span> <span class='ocrx_word' id='word_1_224' title='bbox 800 3058 947 3124; x_wconf 79' lang='grc' dir='ltr'><strong><em>ἔοικ’</em></strong></span> <span class='ocrx_word' id='word_1_225' title='bbox 1003 3061 1354 3139; x_wconf 75' lang='grc' dir='ltr'><strong><em>ἐπιτρέπειν</em></strong></span> <span class='ocrx_word' id='word_1_226' title='bbox 1393 3055 1626 3145; x_wconf 75' lang='grc' dir='ltr'><strong>ἐκείνῳ.</strong></span> <span class='ocrx_word' id='word_1_227' title='bbox 1711 3052 1860 3140; x_wconf 78' lang='grc' dir='ltr'><strong><em>ὅπερ</em></strong></span> <span class='ocrx_word' id='word_1_228' title='bbox 1905 3062 2072 3143; x_wconf 75' lang='grc' dir='ltr'><strong><em>φασὶ</em></strong></span> <span class='ocrx_word' id='word_1_229' title='bbox 2114 3059 2223 3121; x_wconf 81' lang='grc' dir='ltr'>καί</span> <span class='ocrx_word' id='word_1_230' title='bbox 2262 3065 2547 3137; x_wconf 83' lang='grc' dir='ltr'><strong><em>Πρωτα-</em></strong></span> 
     </span>
     <span class='ocr_line' id='line_1_29' title="bbox 377 3161 2544 3250; baseline -0.003 -17"><span class='ocrx_word' id='word_1_231' title='bbox 377 3164 574 3250; x_wconf 77' lang='grc' dir='ltr'><strong><em>γόραν</em></strong></span> <span class='ocrx_word' id='word_1_232' title='bbox 596 3176 809 3235; x_wconf 81' lang='grc' dir='ltr'><strong>ποιεῖν.</strong></span> <span class='ocrx_word' id='word_1_233' title='bbox 858 3161 958 3230; x_wconf 76' lang='grc' dir='ltr'><strong>ὅτε</strong></span> <span class='ocrx_word' id='word_1_234' title='bbox 985 3164 1107 3248; x_wconf 76' lang='grc' dir='ltr'><strong>γὰρ</strong></span> <span class='ocrx_word' id='word_1_235' title='bbox 1156 3163 1465 3243; x_wconf 75' lang='grc' dir='ltr'><em>διδάξειεν</em></span> <span class='ocrx_word' id='word_1_236' title='bbox 1512 3162 1796 3248; x_wconf 72' lang='grc' dir='ltr'><strong><em>ἁὸήποτε,</em></strong></span> <span class='ocrx_word' id='word_1_237' title='bbox 1835 3170 2091 3247; x_wconf 74' lang='grc' dir='ltr'><strong><em>τιμῆσαι</em></strong></span> <span class='ocrx_word' id='word_1_238' title='bbox 2130 3163 2235 3228; x_wconf 79' lang='grc' dir='ltr'><strong>τὸν</strong></span> <span class='ocrx_word' id='word_1_239' title='bbox 2252 3164 2544 3245; x_wconf 79' lang='grc' dir='ltr'><strong><em>μαθόντα</em></strong></span> 
     </span>
     <span class='ocr_line' id='line_1_30' title="bbox 378 3268 2543 3353; baseline -0.004 -13"><span class='ocrx_word' id='word_1_240' title='bbox 378 3281 684 3353; x_wconf 76' lang='grc' dir='ltr'><strong><em>ἐκέλευεν,</em></strong></span> <span class='ocrx_word' id='word_1_241' title='bbox 728 3271 881 3337; x_wconf 78' lang='grc' dir='ltr'><strong><em>ὅσου</em></strong></span> <span class='ocrx_word' id='word_1_242' title='bbox 918 3276 1093 3338; x_wconf 80' lang='grc' dir='ltr'><strong><em>δοκεῖ</em></strong></span> <span class='ocrx_word' id='word_1_243' title='bbox 1111 3268 1257 3348; x_wconf 77' lang='grc' dir='ltr'><strong><em>ἄξια</em></strong></span> <span class='ocrx_word' id='word_1_244' title='bbox 1299 3270 1703 3351; x_wconf 71' lang='grc' dir='ltr'><strong><em>ἐπίστασθαι,</em></strong></span> <span class='ocrx_word' id='word_1_245' title='bbox 1748 3275 1855 3333; x_wconf 85' lang='grc' dir='ltr'>καί</span> <span class='ocrx_word' id='word_1_246' title='bbox 1896 3276 2206 3351; x_wconf 80' lang='grc' dir='ltr'><strong><em>ἐλάμβανε</em></strong></span> <span class='ocrx_word' id='word_1_247' title='bbox 2233 3273 2543 3333; x_wconf 73' lang='grc' dir='ltr'><strong>τοσοῦτον.</strong></span> 
     </span>
     <span class='ocr_line' id='line_1_31' title="bbox 381 3377 2542 3460; baseline -0.003 -14"><span class='ocrx_word' id='word_1_248' title='bbox 381 3385 450 3446; x_wconf 75' lang='grc' dir='ltr'><strong>ἐν</strong></span> <span class='ocrx_word' id='word_1_249' title='bbox 494 3391 638 3457; x_wconf 85' lang='grc' dir='ltr'><strong><em>’τοῖς</em></strong></span> <span class='ocrx_word' id='word_1_250' title='bbox 695 3380 998 3455; x_wconf 80' lang='grc' dir='ltr'><strong><em>τοιούτοις</em></strong></span> <span class='ocrx_word' id='word_1_251' title='bbox 1061 3383 1122 3445; x_wconf 77' lang='grc' dir='ltr'><strong>δ’</strong></span> <span class='ocrx_word' id='word_1_252' title='bbox 1179 3382 1364 3453; x_wconf 75' lang='grc' dir='ltr'><strong><em>ἐνίοις</em></strong></span> <span class='ocrx_word' id='word_1_253' title='bbox 1423 3381 1675 3460; x_wconf 81' lang='grc' dir='ltr'><strong><em>α’ρέσκει</em></strong></span> <span class='ocrx_word' id='word_1_254' title='bbox 1727 3377 1792 3443; x_wconf 81' lang='grc' dir='ltr'><strong>τὸ</strong></span> <span class='ocrx_word' id='word_1_255' title='bbox 1858 3378 2123 3459; x_wconf 59' lang='grc' dir='ltr'><strong><em>,μισθὸς</em></strong></span> <span class='ocrx_word' id='word_1_256' title='bbox 2180 3382 2238 3441; x_wconf 80' lang='grc' dir='ltr'><strong>δ”</strong></span> <span class='ocrx_word' id='word_1_257' title='bbox 2301 3378 2542 3459; x_wconf 67' lang='grc' dir='ltr'><strong>ἅνδρι’.“</strong></span> 
     </span>
     <span class='ocr_line' id='line_1_32' title="bbox 381 3477 2544 3577; baseline -0.001 -24"><span class='ocrx_word' id='word_1_258' title='bbox 381 3488 440 3553; x_wconf 77' lang='grc' dir='ltr'><strong>οἱ</strong></span> <span class='ocrx_word' id='word_1_259' title='bbox 501 3493 570 3553; x_wconf 82' lang='grc' dir='ltr'><strong>δὲ</strong></span> <span class='ocrx_word' id='word_1_260' title='bbox 628 3484 1040 3570; x_wconf 77' lang='grc' dir='ltr'><strong><em>προλαβόντες</em></strong></span> <span class='ocrx_word' id='word_1_261' title='bbox 1098 3484 1164 3552; x_wconf 83' lang='grc' dir='ltr'>τὸ</span> <span class='ocrx_word' id='word_1_262' title='bbox 1227 3486 1563 3569; x_wconf 78' lang='grc' dir='ltr'><strong><em>α’ργύριον,</em></strong></span> <span class='ocrx_word' id='word_1_263' title='bbox 1621 3481 1758 3577; x_wconf 64' lang='grc' dir='ltr'><strong><em>εἶτα</em></strong></span> <span class='ocrx_word' id='word_1_264' title='bbox 1824 3491 2027 3569; x_wconf 73' lang='grc' dir='ltr'><strong><em>μηθὲν</em></strong></span> <span class='ocrx_word' id='word_1_265' title='bbox 2080 3487 2396 3558; x_wconf 74' lang='grc' dir='ltr'><strong><em>ποιοῦντες</em></strong></span> <span class='ocrx_word' id='word_1_266' title='bbox 2449 3477 2544 3550; x_wconf 65' lang='grc' dir='ltr'><strong>ὧν</strong></span> 
     </span>
     <span class='ocr_line' id='line_1_33' title="bbox 382 3587 2547 3685; baseline -0.002 -23"><span class='ocrx_word' id='word_1_267' title='bbox 382 3596 633 3683; x_wconf 76' lang='grc' dir='ltr'><strong><em>ἔφασαν</em></strong></span> <span class='ocrx_word' id='word_1_268' title='bbox 702 3593 807 3660; x_wconf 64' lang='lat' dir='ltr'><strong>(tui</strong></span> <span class='ocrx_word' id='word_1_269' title='bbox 875 3594 991 3670; x_wconf 79' lang='grc' dir='ltr'><strong>τὰς</strong></span> <span class='ocrx_word' id='word_1_270' title='bbox 1049 3593 1403 3679; x_wconf 71' lang='grc' dir='ltr'><strong><em>ὑπερβολὰς</em></strong></span> <span class='ocrx_word' id='word_1_271' title='bbox 1480 3599 1608 3659; x_wconf 73' lang='grc' dir='ltr'><strong>τῶν</strong></span> <span class='ocrx_word' id='word_1_272' title='bbox 1667 3598 2092 3676; x_wconf 75' lang='grc' dir='ltr'><strong><em>ἐπαγγελιῶν,</em></strong></span> <span class='ocrx_word' id='word_1_273' title='bbox 2168 3587 2422 3669; x_wconf 72' lang='grc' dir='ltr'><strong><em>εἰκότως</em></strong></span> <span class='ocrx_word' id='word_1_274' title='bbox 2477 3594 2547 3685; x_wconf 79' lang='grc' dir='ltr'><strong>ἐν</strong></span> 
     </span>
     <span class='ocr_line' id='line_1_34' title="bbox 381 3696 2541 3790; baseline -0.001 -22"><span class='ocrx_word' id='word_1_275' title='bbox 381 3703 719 3790; x_wconf 71' lang='grc' dir='ltr'><strong><em>ἐγκλήματι</em></strong></span> <span class='ocrx_word' id='word_1_276' title='bbox 779 3703 1101 3787; x_wconf 75' lang='grc' dir='ltr'><strong><em>γίνονται·</em></strong></span> <span class='ocrx_word' id='word_1_277' title='bbox 1216 3703 1293 3766; x_wconf 84' lang='grc' dir='ltr'><strong>ου’</strong></span> <span class='ocrx_word' id='word_1_278' title='bbox 1352 3699 1472 3785; x_wconf 74' lang='grc' dir='ltr'><strong>γάρ</strong></span> <span class='ocrx_word' id='word_1_279' title='bbox 1548 3705 1940 3767; x_wconf 74' lang='grc' dir='ltr'><strong><em>ἐπιτελοῦσιν</em></strong></span> <span class='ocrx_word' id='word_1_280' title='bbox 2010 3697 2046 3765; x_wconf 75' lang='grc' dir='ltr'>ὃ</span> <span class='ocrx_word' id='word_1_281' title='bbox 2108 3696 2541 3785; x_wconf 73' lang='grc' dir='ltr'><strong>ὥμολόγησαν.</strong></span> 
     </span>
     <span class='ocr_line' id='line_1_35' title="bbox 382 3810 2542 3892; baseline -0.002 -15"><span class='ocrx_word' id='word_1_282' title='bbox 382 3814 555 3877; x_wconf 90' lang='lat' dir='ltr'><strong>Unde</strong></span> <span class='ocrx_word' id='word_1_283' title='bbox 609 3831 737 3877; x_wconf 88' lang='lat' dir='ltr'><strong>rem</strong></span> <span class='ocrx_word' id='word_1_284' title='bbox 799 3814 877 3875; x_wconf 86' lang='lat' dir='ltr'><strong>ita</strong></span> <span class='ocrx_word' id='word_1_285' title='bbox 935 3830 1003 3875; x_wconf 92' lang='lat' dir='ltr'><strong>se</strong></span> <span class='ocrx_word' id='word_1_286' title='bbox 1066 3812 1347 3874; x_wconf 89' lang='lat' dir='ltr'><strong>habuisse</strong></span> <span class='ocrx_word' id='word_1_287' title='bbox 1404 3818 1681 3892; x_wconf 90' lang='lat' dir='ltr'><strong>apparet:</strong></span> <span class='ocrx_word' id='word_1_288' title='bbox 1738 3811 2071 3891; x_wconf 90' lang='lat' dir='ltr'><strong>Discipulos</strong></span> <span class='ocrx_word' id='word_1_289' title='bbox 2129 3810 2330 3891; x_wconf 86' lang='lat' dir='ltr'><strong>quanti</strong></span> <span class='ocrx_word' id='word_1_290' title='bbox 2388 3828 2542 3891; x_wconf 90' lang='lat' dir='ltr'><strong>quae</strong></span> 
     </span>
     <span class='ocr_line' id='line_1_36' title="bbox 384 3919 2539 4002; baseline -0.002 -18"><span class='ocrx_word' id='word_1_291' title='bbox 384 3923 734 3985; x_wconf 84' lang='lat' dir='ltr'><strong>didicissent</strong></span> <span class='ocrx_word' id='word_1_292' title='bbox 774 3924 1154 3985; x_wconf 84' lang='lat' dir='ltr'><strong>aestimarent</strong></span> <span class='ocrx_word' id='word_1_293' title='bbox 1193 3923 1337 4002; x_wconf 89' lang='lat' dir='ltr'><strong>ipsi,</strong></span> <span class='ocrx_word' id='word_1_294' title='bbox 1402 3928 1626 3983; x_wconf 89' lang='lat' dir='ltr'><strong>tantum</strong></span> <span class='ocrx_word' id='word_1_295' title='bbox 1668 3920 1906 3981; x_wconf 89' lang='lat' dir='ltr'><strong>solvere</strong></span> <span class='ocrx_word' id='word_1_296' title='bbox 1953 3919 2222 3980; x_wconf 85' lang='lat' dir='ltr'><strong>iubebat:</strong></span> <span class='ocrx_word' id='word_1_297' title='bbox 2278 3937 2396 3999; x_wconf 87' lang='lat' dir='ltr'><strong>quo</strong></span> <span class='ocrx_word' id='word_1_298' title='bbox 2441 3920 2539 3980; x_wconf 82' lang='lat' dir='ltr'><strong>sa-</strong></span> 
     </span>
     <span class='ocr_line' id='line_1_37' title="bbox 381 4018 2540 4110; baseline -0.002 -19"><span class='ocrx_word' id='word_1_299' title='bbox 381 4037 533 4092; x_wconf 88' lang='lat' dir='ltr'><strong>ctum</strong></span> <span class='ocrx_word' id='word_1_300' title='bbox 576 4048 716 4092; x_wconf 87' lang='lat' dir='ltr'><strong>esse</strong></span> <span class='ocrx_word' id='word_1_301' title='bbox 762 4031 993 4092; x_wconf 87' lang='lat' dir='ltr'><strong>videtur</strong></span> <span class='ocrx_word' id='word_1_302' title='bbox 1047 4037 1110 4092; x_wconf 86' lang='lat' dir='ltr'><strong>ut</strong></span> <span class='ocrx_word' id='word_1_303' title='bbox 1151 4046 1186 4091; x_wconf 90' lang='lat' dir='ltr'><strong>a</strong></span> <span class='ocrx_word' id='word_1_304' title='bbox 1232 4029 1478 4110; x_wconf 86' lang='lat' dir='ltr'><strong>singulis</strong></span> <span class='ocrx_word' id='word_1_305' title='bbox 1531 4028 1865 4104; x_wconf 79' lang='lat' dir='ltr'><strong>nonnulliS‚</strong></span> <span class='ocrx_word' id='word_1_306' title='bbox 1898 4018 2031 4105; x_wconf 86' lang='lat' dir='ltr'><strong>&#39;qui</strong></span> <span class='ocrx_word' id='word_1_307' title='bbox 2084 4028 2390 4107; x_wconf 84' lang='lat' dir='ltr'><strong>permagni</strong></span> <span class='ocrx_word' id='word_1_308' title='bbox 2441 4027 2540 4086; x_wconf 87' lang='lat' dir='ltr'><strong>fa·-</strong></span> 
     </span>
     <span class='ocr_line' id='line_1_38' title="bbox 381 4119 2540 4218; baseline -0.001 -20"><span class='ocrx_word' id='word_1_309' title='bbox 381 4139 609 4200; x_wconf 85' lang='lat' dir='ltr'><strong>cientes</strong></span> <span class='ocrx_word' id='word_1_310' title='bbox 635 4119 998 4218; x_wconf 82' lang='lat' dir='ltr'><strong>Protagorae</strong></span> <span class='ocrx_word' id='word_1_311' title='bbox 1041 4137 1373 4200; x_wconf 84' lang='lat' dir='ltr'><strong>doctrinam</strong></span> <span class='ocrx_word' id='word_1_312' title='bbox 1409 4133 1882 4213; x_wconf 75' lang='grc' dir='ltr'><strong><em>ἐπιθαυμάζειν·</em></strong></span> <span class='ocrx_word' id='word_1_313' title='bbox 1909 4158 1971 4196; x_wconf 83' lang='grc' dir='ltr'><strong><em>τι</em></strong></span> <span class='ocrx_word' id='word_1_314' title='bbox 2015 4132 2120 4196; x_wconf 80' lang='grc' dir='ltr'><strong>τὸν</strong></span> <span class='ocrx_word' id='word_1_315' title='bbox 2163 4132 2540 4196; x_wconf 78' lang='grc' dir='ltr'><strong><em>διδάσκαλον</em></strong></span> 
     </span>
     <span class='ocr_line' id='line_1_39' title="bbox 381 4239 2531 4324; baseline -0.003 -17"><span class='ocrx_word' id='word_1_316' title='bbox 381 4245 661 4307; x_wconf 84' lang='lat' dir='ltr'><strong>volebant</strong></span> <span class='ocrx_word' id='word_1_317' title='bbox 715 4245 1047 4324; x_wconf 86' lang='lat' dir='ltr'><strong>(Aristoph.</strong></span> <span class='ocrx_word' id='word_1_318' title='bbox 1093 4246 1240 4307; x_wconf 87' lang='lat' dir='ltr'><strong>Nub.</strong></span> <span class='ocrx_word' id='word_1_319' title='bbox 1279 4264 1337 4306; x_wconf 91' lang='lat' dir='ltr'><strong>v.</strong></span> <span class='ocrx_word' id='word_1_320' title='bbox 1387 4245 1631 4319; x_wconf 81' lang='grc'><strong>1150.),</strong></span> <span class='ocrx_word' id='word_1_321' title='bbox 1691 4249 1923 4304; x_wconf 85' lang='lat' dir='ltr'><strong>centum</strong></span> <span class='ocrx_word' id='word_1_322' title='bbox 1982 4245 2170 4304; x_wconf 89' lang='lat' dir='ltr'><strong>minas</strong></span> <span class='ocrx_word' id='word_1_323' title='bbox 2213 4239 2531 4317; x_wconf 82' lang='lat' dir='ltr'><strong>acciperet.</strong></span> 
     </span>
     <span class='ocr_line' id='line_1_40' title="bbox 383 4342 2536 4432; baseline -0.003 -19"><span class='ocrx_word' id='word_1_324' title='bbox 383 4352 552 4417; x_wconf 83' lang='lat' dir='ltr'><strong>Cous.</strong></span> <span class='ocrx_word' id='word_1_325' title='bbox 579 4351 931 4416; x_wconf 83' lang='lat' dir='ltr'><strong>Welckerus</strong></span> <span class='ocrx_word' id='word_1_326' title='bbox 974 4369 1107 4432; x_wconf 86' lang='lat' dir='ltr'><strong>pag.</strong></span> <span class='ocrx_word' id='word_1_327' title='bbox 1140 4352 1234 4414; x_wconf 79' lang='lat'><strong>27.</strong></span> <span class='ocrx_word' id='word_1_328' title='bbox 1280 4357 1338 4413; x_wconf 88' lang='lat' dir='ltr'><strong>et</strong></span> <span class='ocrx_word' id='word_1_329' title='bbox 1381 4350 1479 4414; x_wconf 82' lang='lat'><strong>39.</strong></span> <span class='ocrx_word' id='word_1_330' title='bbox 1528 4351 1623 4411; x_wconf 89' lang='lat' dir='ltr'><strong>lus</strong></span> <span class='ocrx_word' id='word_1_331' title='bbox 1672 4350 1978 4412; x_wconf 88' lang='lat' dir='ltr'><strong>iurandum</strong></span> <span class='ocrx_word' id='word_1_332' title='bbox 2021 4349 2156 4414; x_wconf 89' lang='lat' dir='ltr'><strong>illud</strong></span> <span class='ocrx_word' id='word_1_333' title='bbox 2179 4342 2536 4410; x_wconf 86' lang='lat' dir='ltr'><strong>Aristoteles</strong></span> 
     </span>
    </p>
   </div>
  </div>
 </body>
</html>
