2975 4959
1227 288 1721 359 —99-

391 474 604 557 philos.
650 476 860 539 histor.
888 495 1020 557 cap.
1052 476 1197 539 vul.
1244 477 1398 553 (vid.
1451 495 1590 559 pag.
1617 477 1736 556 4.),
1780 479 1880 559 qui
1921 477 2310 560 Protagoram
2347 478 2568 542 atheo-

397 601 524 645 rum
569 602 820 646 numero
863 584 1133 662 ascribit,
1175 590 1235 646 ut
1277 584 1572 647 Eusebius
1615 586 1654 646 1.
1699 585 1740 647 l.
1782 593 1844 647 et
1884 584 2246 667 Epiphanius
2290 604 2345 649 c.
2389 588 2568 650 Hacr.

393 692 495 755 lib.
539 692 638 754 111.
704 699 844 754 tom.
891 692 960 756 11.
1023 710 1160 773 pag.
1215 693 1391 756 1088.
1438 691 1523 755 B:
1594 691 2036 773 Πρωταγόρας
2095 729 2177 742 -
2236 689 2404 777 ἔφη,
2472 691 2561 776 μὴ
2682 760 2687 767 ,

397 798 591 873 θεοὺς
632 793 792 862 εἶναι
834 802 996 883 μηδὲ
1043 794 1203 874 ὅλως
1243 797 1397 864 θεὸν
1440 799 1770 881 ὑπάρχειν.
1854 801 2114 864 loannes
2152 803 2567 866 sarisberien-

394 910 485 970 sis
541 909 752 970 Policr.
801 909 901 970 tib.
952 909 1017 968 V.
1078 926 1207 988 cap.
1251 907 1347 969 lv.
1402 925 1541 988 pag.
1587 908 1728 972 261.
1789 909 1886 971 ed.
1949 909 2136 991 Lugd.
2191 910 2319 973 Bat.
2384 911 2559 974 1639.

396 1017 762 1097 Protagorae
817 1017 1002 1080 libros
1070 1016 1145 1079 ab
1203 1015 1669 1079 Atheniensibus
1727 1017 2072 1079 combustos
2131 1019 2441 1106 ipsumque
2503 1021 2564 1081 iu

390 1125 624 1186 exilium
672 1126 912 1189 missum
952 1142 1090 1186 esse
1136 1124 1251 1201 ait,
1297 1127 1435 1202 quia
1477 1108 1808 1189 dubitasset
1844 1143 1922 1188 an
1966 1125 2057 1187 do·
2084 1125 2215 1190 dcis
2264 1146 2406 1189 vera
2454 1144 2562 1188 es-

391 1240 525 1296 sent
564 1251 717 1313 quae
761 1233 940 1316 vulgo
987 1233 1350 1296 dicerentur.

1196 1492 1503 1548 (71me
1543 1494 1692 1545 111.

549 1660 911 1739 Accedimus
968 1661 1047 1723 ad
1103 1662 1468 1743 Protagorae
1526 1661 1800 1724 ethicam.
1884 1661 1975 1722 De
2037 1678 2154 1741 quo
2203 1659 2555 1740 disciplinae

383 1766 512 1829 eius
550 1766 687 1829 loco
741 1770 908 1831 brevi
958 1786 1099 1831 esse
1154 1770 1295 1832 mihi
1355 1770 1533 1832 iicet:
1594 1771 1956 1850 paucissima
2013 1766 2171 1831 eniin
2229 1785 2382 1849 quae
2436 1768 2556 1830 buc

380 1878 720 1955 pertineant
756 1894 834 1938 ex
872 1884 1135 1940 veterum
1170 1878 1407 1957 scriptis
1437 1878 1617 1939 nobis
1650 1879 2047 1939 innotuerunt.
2098 1876 2296 1957 Atque
2322 1894 2394 1937 ea
2417 1878 2557 1956 qui-

378 1984 545 2061 dem,
588 2000 741 2063 quae
782 1984 900 2045 boc
944 1988 1138 2065 capite
1183 1992 1598 2065 exponentur,
1656 1986 2041 2067 Protagoram
2082 1984 2244 2047 Plato
2307 1983 2552 2066 dialogo

379 2092 722 2174 cognomini
761 2092 1163 2172 proferentem
1206 2092 1368 2155 facit.

542 2176 676 2263 Non
719 2203 818 2281 qui
861 2202 1119 2264 iucunde
1161 2202 1323 2278 vivit,
1360 2219 1441 2263 eo
1481 2201 1614 2281 ipso
1664 2201 1820 2263 bene
1861 2202 2026 2279 vivit,
2070 2201 2170 2282 qui
2207 2199 2551 2279 iniucunde‚

377 2307 568 2384 male3
612 2308 721 2369 sed
767 2327 941 2389 quem
989 2310 1237 2372 honesta
1282 2311 1507 2389 iuvant,
1545 2313 1598 2371 is
1642 2310 1797 2371 bene
1839 2311 2004 2373 vivit.
2046 2310 2202 2372 Prot.
2246 2327 2383 2388 pag.
2403 2309 2549 2370 351.

378 2416 461 2478 B:
532 2413 614 2479 Τὸ
666 2417 784 2495 μὲν
829 2409 954 2498 ἄρα
996 2415 1200 2498 ἡδέως
1245 2418 1354 2500 ζῆν
1396 2415 1679 2496 ἀγαθόν,
1721 2417 1788 2479 τό
1834 2419 1889 2480 δ’
1927 2415 2138 2498 ἀηδῶς
2173 2412 2395 2492 κακὸνς
2437 2411 2548 2481 Εἴ-

375 2544 492 2603 περ
529 2518 655 2596 τοῖς
692 2529 946 2606 καλοῖς,
1006 2520 1127 2608 ἔφη
1170 2524 1699 2609 (Πρωταγόρας),
1746 2520 1870 2609 ζῴη
1915 2520 2235 2604 ἡδόμενος.
2278 2561 2361 2573 —-
2414 2525 2548 2587 Non

377 2631 559 2704 enim,
603 2631 766 2710 quod
808 2631 1163 2707 iucundum,
1201 2632 1442 2709 bonurn,
1493 2631 1652 2712 quod
1699 2631 2099 2708 iniucundum,
2146 2632 2394 2694 malum:
2435 2631 2545 2694 sed

372 2753 620 2816 eorum,
663 2756 816 2819 quae
862 2745 1000 2801 sunt
1042 2739 1340 2817 iucunda,
1395 2739 1511 2802 alia
1559 2741 1794 2821 quidem
1844 2740 2002 2800 bona
2045 2746 2216 2818 sunt,
2264 2740 2381 2803 alia
2421 2757 2547 2802 non

364 2845 565 2924 bona3
624 2829 992 2928 eorumque,
1057 2865 1211 2927 quae
1252 2854 1389 2911 sunt
1431 2847 1783 2924 iniucunda,
1847 2847 1961 2910 alia
2009 2847 2162 2911 mala
2207 2854 2382 2924 sunt,
2425 2848 2544 2913 alia

367 2954 564 3030 bona3
632 2961 769 3016 sunt
811 2955 990 3016 etiam
1036 2963 1098 3016 et
1135 2956 1530 3017 iucundorum
1573 2961 1637 3017 et
1682 2954 2177 3030 iniucundorum,
2231 2973 2383 3036 quae
2426 2972 2546 3017 ne·-
2627 3025 2635 3033 ‚

376 3079 495 3142 que
557 3063 717 3124 bona
778 3070 916 3125 sunt
977 3078 1173 3142 neque
1237 3063 1410 3130 mala.
1512 3063 1651 3146 Pag.
1702 3063 1844 3125 351.
1893 3064 1966 3124 C:
2056 3061 2190 3126 Οὐκ
2253 3055 2434 3144 οἶδα,
2494 3052 2553 3125 ω’

370 3165 725 3248 Σώκρατες,
769 3166 913 3253 ἔφη,
957 3169 1171 3243 ἁπλῶς
1215 3165 1430 3249 οὕτως,
1471 3169 1557 3244 ὥς
1599 3167 1679 3232 σύ
1722 3173 1976 3255 ἐρωτᾷς,
2026 3171 2086 3234 εἰ
2103 3168 2248 3250 ἐμοὶ
2280 3155 2548 3253 ἀποκρι-

362 3278 503 3338 τέον
550 3276 739 3356 ἐστίν,
787 3276 872 3348 (ὃς
914 3275 989 3339 τὰ
1032 3276 1185 3357 ἡδέα
1231 3299 1299 3340 τε
1342 3274 1558 3358 α’γαθοὶ
1602 3282 1766 3341 ἐστιν
1804 3273 2048 3339 ἅπαντα
2092 3279 2199 3342 καί
2243 3275 2319 3340 τὰ
2366 3278 2544 3340 duaa-

361 3380 443 3464 ρά
490 3381 650 3445 κακά
677 3408 692 3423 ·
778 3379 939 3446 ἀλλά
981 3408 1094 3464 μοι
1135 3387 1312 3447 δοκεῖ
1342 3385 1420 3447 ου’
1461 3382 1655 3462 μόνον
1695 3385 1853 3465 πρὸς
1896 3386 2009 3465 τήν
2052 3386 2163 3447 νῦν
2205 3382 2538 3463 ἀπόκρισιν

359 3491 505 3569 ἐμοὶ
548 3492 1018 3575 ἀσφαλέστερον
1063 3487 1224 3556 εἶναι
1271 3484 1762 3574 ἀποκρίνασθαι,
1807 3489 1969 3554 ἀλλὰ
2014 3493 2122 3553 καί
2148 3488 2303 3572 πρὸς
2337 3487 2541 3553 πάντα

358 3594 460 3663 τὸν
514 3590 706 3662 ἄλλον
762 3603 903 3679 βίον
962 3597 1325 3679 τὸν·ἑμόν,
1388 3593 1486 3661 ὅτι
1545 3596 1675 3662 ἔστι
1724 3604 1845 3679 μὲν
1896 3597 1935 3663 ἃ
1995 3599 2119 3661 τῶν
2166 3594 2367 3680 ἡδέων
2425 3591 2540 3661 οὔκ

357 3707 527 3769 ἐστιν
581 3703 831 3786 ἀγαθά,
896 3706 1027 3770 ἔστι
1074 3710 1129 3772 δ’
1171 3706 1216 3771 ἃ
1258 3706 1429 3790 ἔστι,
1490 3711 1600 3770 καί
1658 3707 1865 3791 τρίτον
1913 3704 1956 3769 ἃ
2002 3700 2347 3790 οὐδέτερα,
2397 3696 2540 3771 cisto

325 3791 518 3874 vnecnec}
558 3806 691 3876 οὔτ’
732 3810 969 3893 ἀγαθά.

523 3921 892 4004 Protagorae
937 3919 1130 4006 α’ρετή
1178 3932 1272 3988 est
1311 3924 1639 4007 πολιτική,
1686 3942 1801 4007 qua
1848 3925 1979 4005 quis
2027 3929 2089 3986 ct
2129 3923 2307 3987 bonis
2348 3922 2538 3986 mori-

356 4025 473 4093 hus
521 4035 586 4090 ct
624 4029 857 4094 idoneis
900 4034 1168 4096 scientiis
1211 4036 1574 4112 instruatur,
1630 4040 1694 4096 ut
1755 4050 1890 4096 cum
1936 4033 2119 4097 rebus
2168 4032 2534 4109 domestici8‚

355 4140 480 4198 tum
527 4153 672 4199 vero
715 4139 804 4201 rei
843 4140 1115 4219 publicae
1162 4141 1315 4203 bene
1361 4142 1677 4204 consulere
1724 4143 1931 4222 possit.
2016 4142 2366 4221 Unicuique
2410 4136 2534 4201 bo-

358 4246 504 4309 mini
543 4246 759 4308 insitac
799 4255 936 4310 sunt
977 4250 1168 4323 αἰδώς
1214 4257 1274 4312 et
1316 4251 1480 4328 δίκη,
1528 4269 1776 4332 quarum
1820 4268 2031 4316 omnes
2080 4252 2245 4312 cives
2286 4247 2535 4329 partici-

354 4371 474 4433 pes
512 4373 654 4419 csse
694 4354 955 4420 debent:
1018 4378 1153 4423 nam
1215 4358 1331 4423 illis
1374 4362 1622 4424 remotis
1661 4359 1818 4424 nulla
1864 4361 2073 4424 civitas
2129 4374 2269 4420 esse
2319 4360 2532 4436 potest.
