2975 4959
1303 282 1791 346 -12-

477 465 869 545 Protagoram
915 462 1173 525 baiulum
1233 460 1309 524 ab
1352 460 1452 524 itto
1498 460 1716 524 dictum
1757 477 1897 523 esse
1939 462 2458 527 circumferebant.
2542 465 2663 528 Sed
2765 538 2776 548 .

478 572 619 653 quid
683 573 805 635 hoc
864 572 1002 634 mati
1062 571 1159 634 vel
1218 571 1453 653 iniqui,
1513 569 1769 634 baiulum
1812 570 2019 632 dicere
2073 572 2175 651 qui
2221 572 2456 636 baiulus
2513 575 2665 636 est?

477 680 863 757 Pulmonem,
924 680 1311 761 deceptorem
1371 687 1431 742 et
1485 686 1749 743 scortum
1812 679 2150 760 appeti-bat
2198 681 2658 761 Nausiphanem,

474 788 863 851 Aristotelem
909 788 1246 869 prodigum,
1286 787 1833 869 pharmacopolam,
1875 788 2279 851 Democritum
2322 790 2506 870 nugis.
2541 807 2659 852 co-

469 897 722 977 gnitum,
770 896 1033 977 Cynicos
1078 896 1446 958 Graecorum
1494 895 1794 971 inimicos,
1836 895 1937 976 qui
1978 894 2353 960 dialecticam
2397 914 2658 959 exerce-

384 1071 389 1074 ,
476 1005 624 1067 bant
663 1006 905 1067 ninnium
952 1004 1210 1080 invidoS,
1255 1003 1315 1067 id
1365 1022 1563 1086 genus
1605 1004 1759 1068 alia:
1804 1041 1885 1053 --
1934 1004 2236 1068 hominem
2279 1022 2428 1067 sane
2458 1005 2657 1086 impu-

476 1111 744 1173 dentem!
830 1112 1218 1193 Protagoram
1265 1128 1453 1186 vero,
1517 1112 1615 1191 qui
1677 1111 1907 1174 baiulus
1970 1112 2163 1174 fuerat
2223 1117 2285 1174 et
2339 1112 2538 1173 scriba
2597 1118 2661 1172 et

378 1213 381 1220 ’
477 1219 600 1282 ludi
662 1222 993 1300 magister,
1051 1220 1312 1282 baiulum
1371 1220 1561 1283 fuisse
1615 1226 1677 1282 et
1718 1220 1977 1282 scribam
2020 1226 2083 1284 et
2128 1219 2657 1301 ludimagistrum.

478 1328 634 1403 Quid
676 1329 844 1391 tum?
881 1327 1065 1391 Immo
1111 1330 1212 1409 qui
1253 1345 1553 1408 nunquam
1594 1328 1757 1411 ligna
1783 1336 2129 1409 portaverat
2170 1328 2425 1410 baiulum
2455 1328 2661 1390 nomi-

476 1454 630 1499 nans
668 1435 951 1519 sugillare
993 1436 1260 1499 votuisse
1304 1437 1539 1504 dicitur.
1584 1473 1665 1487 -
1720 1438 1840 1502 Sed
1883 1455 1991 1501 cur
2032 1436 2343 1501 baiulum?
2391 1471 2465 1484 --
2509 1438 2657 1500 Ari-

474 1544 732 1608 stoteles
788 1546 849 1608 in
896 1545 1049 1608 libro
1110 1545 1261 1627 περὶ
1313 1543 1604 1619 παιδείας
1660 1546 1884 1626 scripto
1942 1543 2293 1608 culcitellam
2357 1545 2653 1626 quandam

476 1653 701 1736 (τύλην
739 1654 870 1729 sive
910 1647 1200 1734 uetuitque)
1244 1668 1279 1712 a
1325 1650 1654 1732 Protagora
1697 1651 1998 1713 inventam
2046 1669 2186 1713 esse
2250 1653 2471 1725 tradite,
2538 1669 2653 1732 qua

476 1768 716 1824 utentes
759 1763 952 1822 minus
997 1766 1409 1841 premerentur
1450 1761 1660 1840 quibus
1705 1777 1893 1822 onera
1921 1768 2126 1823 essent
2146 1760 2462 1841 portanda.
2505 1761 2658 1823 Pro-

476 1875 749 1949 tagoram
796 1884 942 1929 vero
988 1867 1178 1947 ipsum
1227 1865 1522 1927 culcitetta
1565 1868 1678 1928 ista
1722 1867 1937 1929 victum
1985 1868 2102 1929 sibi
2150 1885 2398 1948 parasse
2458 1886 2655 1949 neque

391 2033 399 2042 .
477 1975 835 2048 Aristoteles
879 1993 1075 2057 neque
1121 1976 1284 2040 Plato
1327 1975 1445 2038 ullo
1508 1975 1872 2048 cavillantur⁸
1900 1976 2107 2040 verbo.
2195 1978 2313 2062 Sed
2368 1977 2659 2058 Epicurus

480 2083 600 2150 hnc
640 2084 983 2146 Aristotelis
1033 2084 1295 2161 dictum,
1340 2089 1511 2147 cuius
1559 2087 1782 2166 primus
1828 2092 2039 2147 auctor
2082 2084 2341 2147 sortasse
2391 2088 2660 2147 comicus

477 2189 714 2270 aliquis,
759 2191 1064 2272 amplexus
1110 2198 1236 2269 est,
1296 2210 1413 2271 quo
1460 2199 1729 2256 uteretur
1774 2191 1850 2255 ad
1892 2194 2278 2275 Protagoram
2323 2193 2399 2254 de
2444 2192 2659 2257 baiulis

478 2298 635 2360 bene
692 2299 963 2361 meritum
1018 2298 1274 2362 baiulum
1339 2299 1530 2379 ipsum
1588 2299 1925 2362 dicendum.
2035 2300 2128 2362 Ex
2180 2300 2421 2380 Epicuri
2478 2302 2659 2382 igitur

476 2409 796 2471 maledicto
844 2406 940 2468 vel
981 2408 1034 2469 si
1079 2408 1269 2470 mavis
1311 2410 1663 2471 insectantis
1706 2408 1941 2486 aculeo,
1985 2416 2103 2484 aut,
2136 2410 2199 2471 si
2244 2412 2372 2496 iure
2415 2426 2450 2470 a
2497 2411 2654 2471 Dio-

475 2534 638 2598 gene
693 2514 1033 2578 defenditur
1075 2524 1442 2596 (quanquam
1488 2514 1563 2577 ab
1611 2517 1743 2595 ipso
1787 2533 2026 2597 quoque
2072 2516 2347 2599 Diogene
2394 2517 2496 2578 lib.
2543 2517 2652 2580 lX.

477 2632 533 2700 ς.
582 2625 683 2688 53.
724 2624 881 2687 haec
928 2625 1195 2686 narratio
1239 2642 1317 2686 ex
1361 2623 1603 2704 Epicuri
1649 2625 1874 2705 scripto
1917 2625 2114 2706 aliquo
2160 2627 2478 2706 repetitur)
2506 2674 2524 2706 ,
2582 2645 2661 2689 ex

478 2732 722 2813 Epicuri
789 2735 1166 2796 inimicorum
1230 2733 1542 2817 calumpiis
1586 2733 1801 2795 sabella
1866 2742 2056 2798 ortum
2123 2734 2329 2814 duxit,
2388 2738 2579 2818 quatis
2620 2756 2658 2799 a

481 2841 669 2906 Gellio
713 2843 1053 2923 ceterisque
1105 2842 1507 2905 recentiorum
1555 2843 1909 2924 scriptorum
1958 2862 2110 2925 quos
2163 2845 2493 2910 memoravi
2538 2864 2656 2912 ex-

480 2957 692 3014 ornata
739 2956 853 3012 est.
2589 2933 2598 2938 ἱ

562 3083 565 3088 >
648 3060 742 3122 De
805 3059 1149 3121 Artemonis
1214 3059 1395 3141 igitur
1459 3060 1619 3120 vitae
1684 3057 2031 3122 conditione
2092 3060 2239 3122 nihii
2299 3067 2663 3143 compertum

480 3168 788 3250 habemu8‚
828 3183 1025 3246 neque
1069 3164 1431 3247 de-reliquis
1478 3166 1844 3249 Protagorae
1892 3169 2187 3249 cognatis

1322 3420 1629 3474 CAPUT
1668 3422 1820 3474 111.

649 3582 826 3658 Quod
865 3584 1230 3667 Protagoras
1287 3587 1362 3648 ab
1422 3587 1557 3650 aliis
1594 3588 1980 3665 Artemonis,
2040 3588 2115 3652 ab
2158 3586 2291 3649 aliis
2329 3583 2656 3648 Maeandrii

480 3693 632 3758 titius
678 3694 911 3772 dicitur,
946 3713 1024 3756 ex
1065 3695 1434 3757 diversorum
1477 3697 1763 3773 virorum,
1804 3696 2018 3778 quibus
2046 3694 2411 3775 Protagorae
2443 3711 2664 3756 nomen

481 3808 632 3881 erat,
675 3802 942 3883 patribus
983 3805 1044 3866 in
1086 3821 1264 3865 unum
1315 3804 1549 3867 collatis
1587 3812 1779 3867 ortum
1823 3803 2077 3867 videtur.
2161 3803 2403 3866 Praeter
2446 3802 2661 3865 Abde-

478 3909 651 3970 ritam
693 3910 852 3971 enim
896 3911 995 3990 qui
1018 3929 1053 3973 a
1079 3912 1381 3974 veteribus
1415 3919 1954 3975 commemorantur
1978 3912 2364 3993 Protagorae,
2386 3915 2665 3993 quattuor

479 4024 619 4081 sunt
667 4017 837 4080 hice:

647 4133 691 4195 1.
777 4133 1264 4216 Protagoras
1305 4136 1643 4211 stoicus,
1687 4137 1761 4198 de
1788 4153 1905 4215 quo
1927 4142 2172 4228 :praeter
2195 4151 2416 4197 nomen
2440 4132 2673 4213 a'Diog-

478 4240 674 4305 Laert.
721 4243 821 4305 tib.
869 4243 969 4307 lx.
1031 4247 1086 4321 ς.
1133 4243 1234 4308 56.
1281 4244 1604 4309 indicatum
1663 4244 1808 4307 nihil
1865 4241 2027 4324 quod
2090 4245 2277 4307 sciam
2339 4241 2666 4307 memoriae

477 4352 773 4432 proditum
819 4360 931 4415 est.
1809 4361 1816 4364 “
