2975 4959
1271 259 1757 332 ——40—

436 451 708 515 Socratis
762 456 1016 513 mortem
1073 449 1233 514 hunc
1277 451 1625 531 magistrum
1666 465 1836 512 suum
1877 465 2016 512 cum
2067 450 2351 531 sophistis
2406 450 2615 531 dispu-

437 564 657 623 tantem
702 560 986 623 audiendi
1043 560 1102 622 ei
1154 564 1422 640 potestas
1480 564 1643 636 etat,
1701 564 1765 620 ut
1816 557 1947 621 iure
2007 557 2224 620 eodem
2277 558 2376 620 vel
2432 560 2613 620 etiam

436 669 668 751 maiore
702 667 864 730 Plato
908 665 1120 728 aetatis
1162 681 1320 727 anno
1364 663 1656 727 vicesimo
1697 670 1911 745 quarto
1952 664 2050 727 rel
2097 663 2607 727 duodetricesimo

439 774 806 858 Protagorae
864 773 1327 854 disputationum
1389 773 1626 836 auditor
1693 773 1879 836 fuisse
1937 772 2059 836 diei
2131 778 2371 855 posset,
2431 790 2608 853 quam

432 883 677 948 Geelius
737 883 885 946 dixit
926 881 1437 956 duodevicesimo.
1472 923 1479 928 -
1522 882 1586 946 Si
1628 882 1809 959 igitur
1854 900 2116 963 unquam
2155 882 2320 944 Plato
2378 882 2606 944 audivit

428 992 840 1074 Protagoram,
880 1007 1078 1072 neque
1121 1008 1228 1053 eur
1274 991 1406 1071 ipso
1449 1006 1611 1052 anno
1651 989 1797 1068 411,
1840 1007 2035 1071 neque
2078 991 2325 1053 omnino
2351 1006 2458 1051 cur
2497 1006 2607 1069 per

429 1115 609 1162 unum
650 1097 1057 1162 tantummodo
1103 1115 1318 1160 annum
1359 1095 1480 1160 hoc
1520 1097 1778 1179 potuerit
1816 1097 2181 1180 intelligitur.
2265 1096 2386 1162 Sed
2426 1097 2609 1160 etiam

427 1207 483 1271 si
540 1213 709 1270 recte
771 1207 1122 1280 statuisset,
1186 1205 1576 1287 Protagoram
1641 1204 1975 1287 olympiade
2042 1205 2229 1267 altera
2296 1210 2358 1267 et
2407 1221 2611 1266 nona-

386 1316 662 1397 =gesima
730 1331 864 1377 cum
922 1314 1172 1378 Socrate
1228 1330 1368 1376 csse
1426 1313 1787 1376 collocutum
1810 1359 1828 1393 ,
1890 1312 2034 1376 iude
2092 1312 2317 1375 vixisse
2353 1313 2608 1393 ⁸quidem

330 1486 334 1490 ,
428 1424 607 1486 etiam
666 1429 808 1485 tunc
861 1422 1255 1502 Protagoram
1314 1421 1694 1484 efficeretur:
1765 1440 1874 1485 cur
1931 1438 2084 1484 vero
2137 1420 2349 1484 eadem
2412 1420 2611 1503 olym-

427 1530 607 1614 piade
645 1538 939 1594 mortuum
991 1547 1229 1612 quoque
1273 1528 1601 1610 sophistam
1645 1529 1901 1609 dixerit,
1953 1530 2058 1591 vix
2099 1529 2406 1611 quisquam
2439 1547 2609 1610 per-

424 1640 659 1720 spiciet.
741 1638 916 1713 Quod
973 1639 1231 1700 maxime
1295 1656 1422 1700 rem
1481 1655 1844 1720 causamque
1906 1639 2209 1716 eontinet,
2248 1637 2311 1700 id
2364 1637 2608 1702 Geelius

422 1747 742 1828 perpaucis
770 1793 777 1798 .
806 1747 1009 1809 verbis
1080 1745 1375 1809 absolvit:
1432 1747 1880 1827 „Ponamusque
1943 1764 2079 1810 eum
2127 1752 2418 1812 mortuum
2462 1761 2605 1810 esse

425 1854 505 1919 ol.
563 1853 776 1917 XCll.“
834 1854 1196 1919 Facillimum
1255 1860 1349 1917 est
1411 1872 1681 1936 ponere:
1743 1856 2000 1918 rationis
2051 1860 2353 1917 momenta
2410 1871 2607 1935 quae-

406 1962 616 2028 reuda
661 1946 817 2028 sunt.

588 2072 664 2135 Ut
701 2072 1093 2153 Protagoram
1135 2071 1483 2134 Democrito
1524 2070 1928 2153 posteriorem
1978 2077 2122 2133 natu
2178 2070 2365 2134 fuisse
2422 2071 2604 2133 etiam

421 2180 616 2263 magis
661 2181 909 2262 probet,
948 2179 1397 2258 Philostratum,
1441 2180 1543 2262 qui
1588 2180 1651 2241 in
1692 2168 2068 2262 Protagorae
2102 2180 2220 2242 vita
2265 2199 2400 2243 cum
2436 2179 2604 2242 Xer-

420 2305 535 2350 xes
600 2289 662 2351 in
705 2289 1018 2352 Graeciam
1079 2265 1390 2354 trutinaret
1435 2289 1712 2350 iuvenem
1761 2288 2147 2370 Protagoram
2204 2303 2239 2349 e
2284 2275 2598 2368 magorum

420 2394 736 2477 disciplina
777 2396 1056 2459 hausisse
1094 2412 1263 2457 suam
1309 2396 1392 2466 de
1428 2395 1561 2457 diis·
1590 2395 2024 2462 dubitationem
2058 2395 2283 2474 tradat,
2326 2413 2363 2458 a
2404 2395 2599 2459 Bruc-

422 2502 579 2564 kero
619 2501 757 2565 hist.
799 2502 939 2584 phil.
987 2508 1130 2564 tom›
1170 2500 1216 2564 1.
1260 2520 1398 2586 pag.
1448 2504 1625 2566 1202.
1678 2504 1995 2584 explosum
2052 2522 2191 2567 esse
2244 2503 2363 2582 ait,
2417 2504 2516 2584 qui
2560 2521 2599 2565 a

416 2586 772 2673 Philostrato
814 2616 1204 2691 permutatum
1247 2627 1386 2673 esse
1429 2610 1820 2693 Protagoram
1892 2629 2024 2675 cum
2069 2614 2414 2675 Democrito
2457 2629 2598 2674 mo-

418 2720 636 2781 nuerit.
723 2718 896 2793 Quod
937 2726 1128 2781 utrum
1167 2725 1336 2781 recte
1395 2719 1615 2781 dictum
1664 2727 1828 2782 esset
1886 2738 2080 2783 necne
2128 2723 2320 2803 capite
2381 2720 2456 2783 11.
2498 2721 2602 2782 in-

419 2827 803 2892 dicavimus..
842 2827 987 2889 Tum
1029 2828 1106 2889 ad
1138 2828 1442 2891 Meinersii
1487 2830 1843 2891 sententiam
1868 2831 2166 2911 quandam
2208 2828 2599 2892 evertendam

418 2936 770 2997 transit.his
808 2937 1048 2998 verbis:
1114 2937 1605 3016 „Speciosissime
1670 2940 1929 3009 omnium
1978 2938 2296 3019 disputavit
2336 2938 2602 3000 Meiner-

418 3043 545 3105 sius
590 3044 654 3106 in
701 3060 890 3123 opere
930 3045 1172 3107 laudato
1233 3051 1372 3106 tom.
1431 3043 1527 3105 111.
1587 3051 1713 3106 not.
1771 3044 1849 3107 ad
1897 3029 2037 3128 pag.
2101 3047 2243 3123 258,
2303 3045 2405 3114 ubi
2462 3063 2599 3110 cum

418 3147 675 3214 'affirmet
717 3158 956 3231 praeter
999 3151 1282 3233 Gorgiam
1328 3152 1625 3214 neminem
1668 3154 2066 3234 sophistarum
2129 3149 2381 3235 aliquem
2423 3160 2607 3217 vete...

385 3277 552 3321 ¹rum
595 3259 1086 3341 philosophorum
1127 3259 1465 3336 audivisse,
1515 3259 1669 3323 haec
1709 3260 1951 3324 scribit:
2017 3263 2432 3342 „Pam-etro
2482 3279 2601 3343 que

412 3367 536 3431 l’on
579 3383 767 3450 pense
808 3368 887 3430 ici
935 3368 971 3430 a
1014 3367 1396 3449 Protagoras,
1436 3368 1583 3430 dont
1623 3369 1917 3450 plusieurs
1945 3376 2207 3448 auteurs,
2249 3375 2309 3432 et
2334 3369 2595 3449 Epicure

416 3477 569 3540 cutr'
594 3483 797 3540 autres
839 3481 1179 3552 racontent,
1219 3476 1359 3557 qu’il
1403 3478 1565 3540 avait
1610 3477 1708 3539 ete
1748 3477 2001 3540 d'abord
2044 3478 2395 3558 porte-sau,
2445 3476 2601 3540 mais

416 3602 531 3665 que
574 3586 916 3673 Democrito
942 3632 962 3663 ,
1029 3590 1210 3665 ayant
1253 3585 1571 3663 remarque
1615 3583 1674 3645 la
1716 3585 1982 3647 maniere
2036 3604 2190 3648 aveo
2246 3584 2506 3666 laquelle
2546 3584 2592 3649 il

414 3691 617 3755 faisait
654 3691 744 3755 les
791 3693 1029 3777 fagots,
1077 3693 1299 3756 devina
1340 3709 1456 3758 son
1517 3692 1699 3772 genie
1744 3699 1805 3753 et
1845 3692 1925 3753 lui
1973 3693 2172 3754 donna
2218 3691 2325 3753 des
2359 3694 2595 3755 instra-

414 3800 632 3863 ctions.
715 3800 866 3863 Mais
904 3800 945 3863 il
991 3807 1084 3864 est
1116 3799 1244 3862 aisa?
1287 3798 1365 3861 de
1403 3815 1664 3880 prouver
1700 3817 1808 3879 par
1851 3799 2143 3880 plusieurs
2168 3801 2426 3878 misens,
2473 3819 2595 3881 que

414 3924 488 3973 ce
543 3908 696 3971 recit
757 3907 914 3969 n'est
970 3910 1149 3990 qu’un
1217 3912 1397 3968 conte
1421 3952 1440 3985 ,
1501 3913 1563 3968 et
1617 3924 1732 3986 que
1790 3908 2164 3996 Protagoras·
2204 3908 2388 3972 vivait
2452 3909 2593 3971 bien
2693 3929 2696 3934 ·

379 4022 592 4078 avant
629 4015 994 4078 Democrito.
1084 4015 1348 4080 D'abord
1391 4015 1657 4078 Aristote
1704 4016 1964 4097 ignorait
2010 4014 2384 4078 absolument
2410 4062 2428 4093 ‚
2472 4034 2589 4096 que

407 4123 767 4204 Protagoras
816 4125 917 4185 ent
959 4141 1106 4201 recu
1147 4123 1255 4185 des
1298 4124 1685 4186 instructions
1748 4124 1830 4183 de
1871 4123 2246 4201 Democrite,
2303 4123 2583 4204 quoiqu'il

409 4230 576 4316 parle
615 4232 793 4295 d’une
831 4230 1108 4294 machine
1150 4231 1297 4294 dont
1339 4250 1419 4294 on
1453 4232 1708 4296 attribue
1752 4232 2100 4297 l'invention
2146 4232 2183 4292 a
2211 4232 2587 4312 Protagorae,

408 4348 471 4405 et
511 4342 612 4423 qui
659 4341 755 4405 fut
790 4339 1243 4423 probablemeut
1305 4358 1490 4405 cause
1547 4359 1662 4424 que
1725 4339 1870 4405 l'on·
1910 4342 2175 4425 imaginat
2231 4338 2368 4423 qu'il
2426 4338 2585 4402 avait
