2975 4959
1248 297 1587 370 -0164
1696 335 1784 351 -

437 494 686 567 tagorae
746 486 1075 565 exemplum
1136 487 1472 549 mercedem
1534 490 1817 569 exegisse
1873 493 2238 564 statuamus,
2305 487 2448 552 nihil
2510 495 2603 551 est

441 613 557 675 quo
604 595 1007 674 impediamur.
1092 596 1425 657 Alcibiadis
1482 597 1639 656 enim
1697 594 1835 657 loco
1893 596 2158 657 indicato
2202 598 2443 675 nonnisi
2487 596 2604 657 hoc

437 703 690 783 legitur:
719 697 954 780 ’Ὠσπερ
1001 699 1118 782 ἐγώ
1166 697 1294 780 ἔχω
1337 725 1439 764 σοι
1483 702 1677 763 εἰπεῖν
1718 697 1823 763 διὰ
1865 700 1973 782 τὴν
2015 698 2307 783 Ζήνωνος
2346 706 2608 786 (συνου-

437 808 610 893 σιάν)
657 809 1060 890 Πυθόδωρον
1099 806 1210 871 τόν
1232 807 1546 889 Ἰσολόχου
1590 812 1699 870 καί
1747 811 2033 872 Καλλίαν
2077 808 2186 871 τὸν
2213 810 2606 887 Καλλιάδου,

441 908 531 979 ὧν
577 906 864 996 ἑκάτερος
905 916 1158 997 Ζήνωνι
1214 908 1432 978 ἑκατὸν
1485 918 1649 995 μνᾶς
1703 918 1960 988 τελέσας
1999 914 2196 1000 σοφός
2241 938 2309 977 τε
2349 915 2459 978 καί
2501 919 2608 979 ἐλ-

438 1021 693 1103 λόγιμος
731 1027 995 1103 γέγονεν.
1081 1023 1255 1085 Circa
1302 1022 1692 1103 olympiadem
1738 1023 2164 1104 octogesimam
2210 1023 2305 1086 vel
2346 1029 2609 1104 octoge-

436 1133 641 1192 simam
684 1134 932 1211 primam
962 1132 1193 1194 demum
1241 1150 1371 1193 cum
1396 1130 1742 1193 Parmenide
1788 1149 1947 1193 anno
1998 1133 2211 1194 aetatis
2254 1131 2603 1213 quadrage-

437 1240 589 1302 simo
649 1241 811 1302 Zeno
879 1241 1148 1303 Athenas
1216 1243 1380 1302 venit
1443 1240 1747 1316 (BrandiS.
1810 1240 2027 1301 Histor.
2092 1239 2306 1320 philos,
2363 1246 2509 1301 tom.
2553 1238 2601 1301 1.

412 1367 573 1431 „pag.
619 1349 838 1422 375.):
909 1350 1266 1430 Protagoras
1332 1364 1478 1410 vero
1551 1349 1711 1410 circa
1777 1347 2127 1428 olympiadis
2192 1349 2604 1428 octogesimae

434 1457 739 1519 secundae
786 1458 1030 1535 initium,
1070 1464 1380 1537 postquam
1424 1456 1558 1517 sine
1602 1455 1781 1516 dubio
1825 1458 1941 1517 iam
1979 1455 2039 1516 in
2079 1455 2211 1517 aliis
2236 1454 2603 1517 Graecorum

431 1566 674 1627 urbibus
737 1565 978 1643 docuit,
1042 1566 1293 1627 Athenis
1350 1570 1535 1625 artem
1595 1582 1760 1625 suam
1806 1580 2097 1625 exercere
2143 1563 2382 1643 incepit.
2474 1561 2600 1624 Ne-

429 1691 546 1754 que
589 1680 883 1753 repugnat
919 1673 1073 1734 M‘en.
1115 1690 1248 1753 pag.
1285 1672 1384 1733 91.
1427 1672 1513 1749 E,
1570 1673 1669 1732 ubi
1725 1674 1856 1733 Καί
1898 1671 1969 1734 οὗ
2014 1667 2206 1751 μόνον
2249 1669 2601 1750 Πρωταγό-

431 1804 580 1862 ρας,
645 1777 802 1842 άλλά
847 1782 956 1841 καί
995 1772 1175 1842 ἄλλοι
1221 1778 1609 1859 πάμπολλοι,
1678 1775 1733 1840 οἱ
1779 1782 1898 1854 μὲν
1943 1778 2242 1859 πρότερον
2296 1771 2606 1858 γεγονότες

430 1890 666 1950 ἐκείνου
698 1936 715 1961 ,
780 1884 837 1950 οἱ
901 1889 969 1950 δὲ
1018 1890 1126 1949 καί
1165 1889 1274 1949 νῦν
1320 1883 1407 1949 ἔτι
1459 1882 1636 1959 ὄντες
1693 1886 1767 1947 ad
1813 1904 1945 1947 eam
1989 1893 2206 1947 tantum
2254 1884 2609 1947 sententiam

431 2013 585 2076 quae
627 1997 898 2076 proxime
939 1996 1248 2076 praecedit
1288 1997 1591 2075 pertinere
1632 1995 1901 2057 videtur:
1946 2011 2156 2056 omnes
2202 1996 2350 2056 istos
2393 1992 2601 2073 perdi-

430 2105 592 2165 disse
632 2108 826 2185 potius
870 2123 1046 2185 quam
1095 2106 1432 2166 erudivisse
1474 2111 1535 2165 et
1579 2104 1858 2165 meliores
1901 2103 2122 2164 fecisse
2185 2103 2433 2164 iuvenes
2486 2100 2602 2162 sibi

431 2213 701 2274 traditos.
789 2214 918 2276 Non
983 2231 1056 2274 ea
1118 2220 1283 2274 certe
1339 2219 1430 2273 est
1472 2212 1646 2274 huius
1694 2211 1814 2274 loci
1862 2212 2168 2288 conditio,
2225 2216 2289 2272 ut
2338 2209 2605 2271 eiusdem

429 2322 689 2384 Platonis
746 2323 1098 2383 testimoniis
1154 2321 1336 2382 multo
1399 2320 1759 2382 firmioribus
1819 2322 2037 2399 opponi
2099 2324 2296 2401 queat.
2380 2317 2604 2379 Confer

431 2432 607 2493 etiam
649 2431 815 2510 Hipp.
862 2432 998 2491 mai.
1047 2446 1184 2510 pag.
1233 2429 1372 2491 282.
1424 2428 1511 2490 C:
1574 2432 1711 2495 Τῶν
1756 2429 1826 2491 δὲ
1876 2428 2160 2490 παλαιῶν
2204 2427 2456 2488 ἐκείνων
2493 2426 2604 2486 ov'·

428 2539 559 2611 δεῖς
601 2539 847 2598 πώποτε
905 2536 1164 2616 ἠξίωσεν
1221 2532 1527 2616 ἀργύριον
1581 2532 1819 2612 μισθόν
1874 2534 2237 2615 πράξασθαι
2290 2532 2425 2595 οὐδ’
2469 2534 2604 2595 ἐπι-

431 2646 654 2722 δείξεις
694 2640 1083 2724 ποιήσασθαι
1126 2644 1191 2707 ἐν
1231 2643 1654 2715 παντοδαποῖς
1696 2640 2059 2723 ἀνθρώποις
2101 2645 2212 2723 τῆς
2249 2635 2480 2704 ἑαυτοῦ
2499 2662 2604 2704 σο.

432 2752 605 2839 φίας·
694 2748 889 2826 οὕτως
953 2745 1116 2835 ἦσαν
1175 2748 1422 2834 εὐήθεις
1486 2751 1597 2812 καί
1654 2749 1942 2831 ἐλελήθει
2004 2747 2242 2822 adroic
2300 2744 2606 2829 α’ργύριον

432 2857 516 2934 ὦς
561 2864 791 2924 πολλοῦ
827 2854 1000 2936 ἄξιον
1040 2858 1156 2943 εἴη.
1242 2855 1586 2923 τούτωνδ’
1627 2853 1915 2936 ἑκάτερος
1956 2853 2263 2938 (Γοργίας
2302 2856 2608 2937 καίΠρό·

436 2970 640 3046 δικος)
702 2970 886 3031 πλέον
942 2964 1243 3049 ἀργύριον
1284 2966 1408 3028 α’πὸ
1457 2967 1690 3048 σοφίας
1736 2963 2063 3048 εἴργασται
2109 2960 2151 3048 ἢ
2191 2955 2377 3039 ἄλλος
2423 2961 2609 3048 δημι.

436 3072 660 3155 ουργὸς
704 3076 816 3157 ἀφ’
863 3065 1144 3153 ἧς,τινὸς
1188 3077 1427 3154 τέχνης·
1514 3077 1624 3135 καί
1661 3071 1748 3135 ἔτι
1797 3069 2093 3152 πρότερος
2136 3067 2373 3136 τούτων
2405 3076 2607 3154 Πρω-

435 3179 726 3261 ταγόρας.
814 3180 1083 3243 philostr.
1131 3179 1224 3242 ed.
1268 3180 1523 3260 Kayser.
1569 3198 1705 3261 pag.
1752 3184 1862 3243 15:
1930 3179 2012 3244 Τὸ
2063 3181 2133 3243 δὲ
2184 3181 2422 3260 μισθοῦ
2463 3180 2608 3243 δια-

440 3290 738 3369 λέγεσθαι
782 3289 1024 3370 πρῶτος
1067 3278 1274 3369 εὗρεν.
1340 3287 1545 3369 Inepta
1587 3296 1781 3351 autem
1824 3289 2102 3370 omnique
2146 3306 2224 3350 ex
2266 3294 2432 3368 parte
2461 3304 2608 3368 per-

437 3414 614 3458 versa
658 3401 827 3473 sunt,
889 3414 1044 3475 quae
1084 3397 1519 3459 Platonicorum
1578 3396 1788 3477 aliquis
1829 3398 2230 3459 recentiorum
2273 3393 2501 3476 profert
2540 3394 2604 3457 in

435 3504 695 3566 Platonis
741 3505 859 3567 vita
905 3506 980 3567 ab
1029 3505 1326 3567 Heerenio
1373 3506 1531 3567 edita
1576 3504 1942 3579 (Bibliothek
1985 3503 2095 3566 der
2137 3505 2294 3567 alten
2317 3504 2451 3567 Litt.
2477 3502 2602 3566 und

432 3611 639 3689 Kunst‚
683 3602 747 3673 V}
789 3631 924 3694 pag.
974 3610 1145 3690 160:
1202 3603 1372 3695 Εὗρε
1422 3614 1491 3674 δὲ
1537 3611 1875 3696 (Πλάτων)
1916 3609 2026 3674 καί
2067 3606 2281 3693 ἦθικά.
2363 3611 2434 3676 τὸ
2476 3611 2599 3694 γάρ

428 3718 513 3798 μή
564 3719 670 3780 ε’πί
706 3721 917 3805 μισθῷ
960 3716 1310 3798 διδάσκειν,
1372 3720 1596 3799 ἠθικὸν
1644 3712 1747 3798 ὅν,
1810 3723 2053 3801 πρῶτος
2093 3709 2292 3802 εὗρεν.
2378 3718 2598 3799 α’μέλει

437 3825 836 3904 Πυθαγόρας
877 3826 983 3887 καί
1022 3821 1079 3886 οἱ
1122 3823 1241 3906 πρὸ
1311 3825 1506 3888 avito&
1549 3822 1778 3900 πάντες
1821 3822 2044 3889 ἑκατὸν
2091 3823 2383 3909 δραχμάς
2436 3850 2601 3908 χρυ-

435 3937 575 3993 σίου
619 3928 961 4010 λαμβάνων
991 3931 1097 4013 τὴν
1139 3928 1368 3996 οἰκείαν
1404 3934 1733 4013 μετεδίδου
1780 3934 2052 4017 κάπηλος
2112 3936 2350 4012 μᾶλλον
2406 3929 2602 4015 λ’ὀγων

437 4037 762 4118 τυγχάνων
805 4032 843 4119 ἢ
885 4035 1262 4122 φιλόσοφος,
1302 4040 1404 4101 ubi
1451 4042 1888 4120 Πυθαγόρας,
1929 4047 1993 4103 ut
2034 4041 2433 4122 compluries,
2477 4057 2602 4102 non

440 4145 744 4218 librariiS,
804 4145 914 4206 sed
975 4148 1252 4227 scriptori
1309 4148 1421 4228 ipsi
1479 4126 1873 4228 imputandum
1922 4155 2033 4210 est.
2079 4187 2165 4198 -
2214 4150 2441 4212 Primus
2479 4147 2605 4229 igi-

445 4259 537 4315 tur
580 4253 938 4333 Protagoras
997 4258 1187 4334 pretio
1245 4255 1482 4333 docuit3
1552 4256 1712 4336 quod
1764 4273 1913 4318 vero
1960 4256 2170 4320 Suidas
2209 4276 2266 4318 v.
2320 4260 2607 4337 Πρωτα..

438 4358 630 4445 γόρας
674 4364 792 4426 ait:
837 4364 978 4425 Καί
1014 4360 1327 4447 ἐπεκλήθη
1371 4365 1614 4448 πρῶτος
1656 4356 1831 4441 οὗτος
1870 4358 2207 4451 σοφιστής,
2265 4365 2458 4428 minus
2496 4380 2604 4426 ac-
