2975 4959
1181 303 1674 365 —11-

338 486 543 567 Neque
584 500 736 565 opus
781 488 874 543 est
933 481 1047 543 bac
1104 480 1540 564 explicatione:
1601 481 1832 542 etiamsi
1886 481 2045 543 enim
2089 479 2383 542 Philolaus
2440 499 2515 543 ac

343 594 724 655 Democritus
768 590 1087 651 alterorum
1150 606 1267 650 nec
1296 595 1524 669 ‘patres
1565 595 1741 650 erant
1800 606 1913 651 nec
1977 589 2283 671 magistri,
2348 608 2516 660 suain

336 701 520 764 babet
584 700 822 762 Aeliani
877 697 1047 761 loeus
1090 699 1459 771 ‚sententiam
1510 699 1670 759 omni
1729 716 1809 759 ex
1871 704 2039 778 parte
2100 697 2372 777 plenam:
2429 716 2517 760 ex

344 810 502 871 sama
552 808 825 869 homines
874 807 1200 868 existimari
1245 823 1367 868 non
1410 823 1608 887 posse.
1655 805 1827 880 Quod
1855 811 1918 867 ut
1958 806 2171 886 probet
2200 806 2318 884 ille,
2360 797 2523 882 duoss

346 918 457 979 bus
524 915 813 995 exemplis
873 915 1053 977 utimr
1111 915 1435 990 virorum‚'
1471 931 1722 995 quorum
1781 915 2210 993 alterinalteris
2267 918 2514 997 tagenio

250 1103 255 1110 .
339 1033 400 1086 et
441 1025 733 1107 sapientia
777 1025 1141 1103 superioreS,
1185 1022 1340 1084 fama
1385 1023 1707 1085 inferiores
1749 1022 2002 1100 fuerint3
2045 1040 2243 1105 neque
2273 1025 2353 1086 illi
2380 1035 2510 1086 ma.

337 1134 532 1213 gistri,
576 1132 634 1193 bi
682 1130 951 1210 discipuli
999 1137 1275 1209 putentur
1316 1138 1409 1193 est
1451 1148 1726 1192 necesse.
1813 1129 2087 1193 Ceterum
2133 1131 2515 1193 nibilominus

339 1244 391 1304 si
452 1243 587 1321 quis
637 1240 1024 1320 Protagoram
1073 1240 1395 1302 Democriti
1458 1246 1522 1300 et
1560 1239 1843 1320 Gorgiam
1890 1238 2132 1300 Philolai
2189 1239 2516 1320 discipulos

341 1350 416 1411 ab
461 1349 717 1410 Aeliano
766 1348 965 1412 dictos
1022 1366 1162 1410 esse
1223 1347 1606 1425 contendat,·
1646 1348 1921 1428 equidem
1982 1347 2139 1409 haud
2201 1348 2279 1410 ita
2325 1365 2513 1429 aegre

335 1460 572 1521 feram:
621 1456 732 1520 sed
773 1464 1082 1537 utrumque
1119 1459 1258 1537 quin
1308 1457 1516 1519 salsum
1560 1458 1638 1519 sit
1679 1475 1800 1519 non
1845 1463 1952 1519 est·
1979 1457 2381 1521 dubitandum.

446 1591 451 1598 ’
515 1582 624 1644 Est
674 1601 826 1645 unus
885 1601 964 1645 ex
1007 1583 1159 1646 locis
1213 1602 1391 1665 supra
1452 1583 1645 1645 allatis
1673 1630 1691 1660 ‚
1746 1601 1923 1664 quem
1982 1584 2080 1664 qui
2127 1603 2259 1646 cum
2303 1583 2512 1648 Geelio

339 1698 400 1753 et
448 1692 676 1754 Geistio
719 1691 1119 1772 Herbstioque
1161 1693 1421 1755 sentiunt
1480 1694 1541 1754 in
1580 1693 1976 1755 testimonium
2019 1710 2242 1755 vocare
2297 1694 2511 1757 solent.

334 1800 624 1880 Equidem
683 1817 802 1880 ego
860 1799 1076 1876 eodem
1135 1818 1262 1862 rem
1318 1806 1502 1864 totam
1564 1798 1758 1862 fletam
1821 1818 1964 1862 esse
2025 1808 2142 1863 tam
2192 1802 2514 1865 manifesto

328 1925 622 1988 apparere
668 1914 850 1988 puto,
914 1913 977 1970 ut
1021 1909 1197 1970 etiam
1237 1909 1459 1989 primus
1504 1908 1761 1970 fabellae
1803 1907 1941 1971 fons
2000 1910 2257 1990 perspici
2306 1916 2506 1991 queat.

334 2018 643 2096 Diogenes
686 2015 956 2078 Laertius
1000 2019 1158 2078 enim
1204 2016 1304 2078 lib.
1351 2016 1426 2078 X.
1467 2021 1523 2089 §.
1565 2015 1623 2079 8.
1668 2014 1736 2079 id
1776 2035 1984 2098 agens,
2026 2024 2090 2079 ut
2132 2018 2447 2099 Epicurum
2476 2039 2518 2083 a.

336 2125 530 2186 multis
579 2123 948 2186 inimicorum
983 2125 1294 2187 calumniis
1321 2125 1627 2202 detendat‚
1676 2125 1886 2203 „Alii“‚
1932 2128 2035 2199 alt,
2079 2126 2511 2205 „voluptatibus

335 2232 600 2294 veneriis
661 2231 923 2292 deditum
983 2229 1398 2310 hominemque
1456 2230 1977 2309 sordidissimum,
2043 2230 2145 2293 alii
2192 2230 2508 2312 helnonem

293 2343 506 2418 'atque
553 2337 923 2399 adulatorem
971 2335 1198 2415 dicunt,
1243 2337 1344 2399 alii
1391 2337 1650 2417 denique
1695 2338 2088 2401 contumeliae
2136 2358 2317 2402 causa
2352 2340 2508 2403 mul-

336 2448 411 2509 tis
455 2445 825 2527 pbilosophis
869 2445 1271 2527 ignominiosa
1330 2459 1465 2507 eum
1527 2446 1770 2509 dedisse
1813 2449 2195 2522 cognomina.
2284 2447 2507 2513 Πλεύ-

326 2576 487 2632 μονα
531 2575 598 2616 τε
642 2550 831 2615 αὐτόν
871 2552 1379 2638 (Ναυσιφάνην),
1419 2555 1688 2634 inquiunt
1714 2554 1818 2633 illi,
1859 2551 2069 2617 ἐκάλει
2108 2559 2217 2618 καί
2256 2553 2498 2636 ιῖγράμ-

327 2648 697 2740 μαντον-καί
749 2657 1081 2721 α’πάτεαῖνα
1141 2661 1249 2746 καί
1300 2657 1573 2742 πόρνον·
1657 2661 1803 2735 τούς
1865 2684 1926 2724 τε
1984 2665 2131 2745 περί
2173 2665 2503 2727 Πλάτωνα

322 2766 869 2840 Διονυσοκόλακας
913 2763 1024 2829 καί
1062 2764 1259 2830 αυ“τὸν
1309 2767 1631 2831 Πλάτωνα
1673 2772 1978 2849 χρυσοῦν·
2061 2774 2169 2831 καί
2208 2768 2504 2849 Ἀριστο-

318 2878 498 2956 τέλην
534 2867 797 2952 ἄσωτον,
841 2876 1282 2959 καταφαγόντα
1319 2874 1430 2957 τήν
1460 2874 1757 2965 πατρῴαν
1788 2875 2007 2940 ου’σιάν
2040 2877 2502 2959 στρατεύεσθαι

318 2982 430 3044 καί
467 2988 1040 3065 φαρμακοπωλεῖν·
1127 2983 1542 3067 φορμοφόρον
1583 3008 1651 3046 τε
1696 2981 2141 3069 Πρωταγόραν
2182 2983 2292 3047 καί
2341 3009 2497 3067 ypa-

316 3089 445 3173 φέοι
467 3090 861 3170 Δημοκρίτου
906 3087 1015 3152 καί
1044 3091 1111 3151 ἐν
1151 3087 1392 3169 κώμαις
1418 3090 1761 3173 γράμματα
1794 3092 2133 3155 διδάσκειν·
2165 3091 2496 3172 Ἡρακλέι-

318 3194 426 3258 τόν
470 3217 537 3256 τε
580 3192 868 3278 κυκητήν·
916 3199 1026 3259 καί
1064 3195 1462 3279 Δημόκριτον
1509 3196 1927 3282 Ληρόκριτον·
1986 3203 2095 3264 καί
2125 3202 2497 3283 Ἀντίδωρον

309 3300 738 3383 Σαινίδωρον·
819 3301 964 3378 τούς
1020 3326 1084 3367 τε
1128 3305 1419 3379 κυνικοιῖς
1469 3304 1749 3388 ἑχθροὺς
1807 3310 1915 3389 τῆς
1960 3305 2297 3381 Ἑλλάδος·
2386 3310 2496 3371 καί

309 3408 457 3483 τούς
513 3410 940 3484 διαλεκτικούς
983 3410 1540 3497 πολυφθονερούς·
1628 3415 1959 3497 Πύρρωνα
2008 3419 2076 3480 δὲ
2122 3416 2348 3499 dua-9¹¹7·
2388 3416 2499 3479 καί

314 3516 715 3582 ἀπαίδευτον.
800 3519 920 3583 Sed
966 3521 1364 3599 insaniebant,
1412 3525 1510 3610 qui
1542 3524 1756 3586 talibus
1801 3525 2315 3586 criminationibus
2344 3524 2488 3604 Epi-

311 3641 515 3685 curum
559 3624 921 3700 affecerunt:
987 3646 1213 3692 summa
1258 3633 1414 3692 enim
1464 3631 1885 3694 benevolentia
1945 3648 2156 3693 omnes
2218 3631 2491 3695 homines

309 3731 775 3810 amplectebatur
822 3754 1018 3818 neque
1077 3737 1249 3801 ullius
1290 3738 1610 3820 voluptatis
1670 3742 1910 3804 modum
1951 3741 2339 3804 excedebat.“
2424 3735 2488 3805 In

312 3840 703 3922 iniquissimis
746 3862 895 3927 ergo
938 3849 1419 3928 cognominibuS,
1461 3868 1615 3930 quae
1638 3845 1932 3931 Epicurus
1975 3850 2108 3914 aliis
2151 3851 2524 3944 indidisset,-

294 4066 527 4138 lerdings
565 4072 933 4140 aull'allendon,
971 4076 1095 4128 aber
1130 4071 1298 4130 nichts
1343 4079 1710 4132 beweisenden
1751 4083 1961 4134 Worten
2002 4081 2093 4134 des
2138 4082 2316 4134 Aelian
2339 4084 2396 4133 V.
2421 4082 2481 4133 ll.

294 4138 332 4191 1.
373 4141 442 4192 23
498 4144 838 4208 geschlosseu
890 4148 1005 4210 bat,
1043 4149 1161 4200 dass
1203 4151 1419 4216 Gorgias
1466 4152 1611 4203 mehr
1649 4153 1811 4204 Ruhm
1849 4155 2041 4221 gehabt
2069 4154 2207 4204 habe
2243 4154 2319 4206 als
2358 4154 2481 4205 Phi-

296 4209 465 4293 lolaus
504 4214 605 4263 und
645 4215 950 4283 Protagoras
986 4218 1131 4270 mehr
1172 4220 1247 4270 als
1292 4221 1592 4285 Demokrit,
1647 4224 1876 4278 obschon
1916 4224 2000 4288 die
2038 4233 2266 4276 ersten-en
2305 4241 2477 4290 gegen

296 4279 381 4332 dle
420 4281 671 4335 letzteren
710 4287 919 4339 linaben
960 4304 1023 4340 an
1065 4291 1319 4342 Weisheit
1364 4308 1616 4359 gewesen
1660 4304 1882 4348 wiiren.“
1955 4296 2186 4358 Quocum
2222 4296 2476 4345 consentit

289 4348 499 4407 Fossius
539 4354 605 4407 do
645 4355 834 4425 Gorgia
868 4358 1120 4414 Leontino
1165 4372 1435 4416 comment.
1473 4379 1593 4432 pag.
1640 4369 1718 4423 12.
