2975 4959
1190 318 1727 390 —139-

384 501 482 563 bei
523 498 876 563 ‘themistius
923 500 1025 563 Or.
1076 502 1169 566 23.
1214 519 1352 582 pag.
1398 499 1537 565 289.
1596 498 2124 583 ὀρθορρημοσῦνη
2190 501 2366 565 daffir
2415 519 2562 564 vor-

387 609 618 672 kommt
663 616 742 671 et.
787 627 843 690 q.
891 616 1093 690 seqq.“
1137 610 1267 684 Quo
1309 611 1371 671 in
1415 609 1716 672 Themistii
1759 609 1897 670 loco
1948 611 2191 690 insuper
2211 628 2330 673 non
2355 612 2565 673 Prota-

385 737 575 801 gorae
602 718 712 781 sed
735 716 990 781 Prodico
1024 715 1588 801 693099512‘00232‘72‘
1614 717 1786 780 tribui
1812 736 1949 800 pag.
1981 718 2113 780 129.
2144 721 2425 782 monitum
2453 726 2563 783 est.

1238 939 1546 1013 aarum·
1583 964 1711 1014 nr.

521 1132 656 1194 Alia
706 1138 836 1193 erat
868 1134 1141 1213 quaestio
1184 1130 1377 1215 περὶ
1430 1117 1836 1213 ὀνομάτων
1879 1131 2335 1217 ὀρθότητος,
2378 1154 2556 1217 quam

395 1248 683 1303 tractasse
701 1241 1084 1322 Protagoram
1107 1240 1343 1314 suerunt
1361 1245 1460 1324 qui
1480 1261 1559 1305 ex
1574 1243 1833 1305 Platonis
1851 1242 2089 1324 Cralylo
2111 1244 2566 1307 concluderent.

329 1359 342 1372 ·
385 1349 627 1429 Dialogi
673 1350 841 1410 initio
888 1350 1042 1411 enim
1069 1350 1479 1431 Hermogenes
1522 1357 1583 1413 et
1605 1350 1877 1432 Cratylus
1920 1369 2035 1433 qua
2086 1351 2163 1412 de
2207 1368 2277 1412 re
2317 1353 2431 1431 ipsi
2464 1351 2564 1413 di-

396 1464 633 1536 sputent
662 1475 793 1518 cum
825 1458 1088 1543 Socrate
1129 1461 1588 1522 communicant.
1649 1460 1847 1541 Atque
1889 1460 2303 1541 Hermogenes
2345 1459 2568 1540 Cratyli

392 1566 744 1640 sententiam
790 1565 947 1627 hanc
992 1570 1139 1628 esse'
1184 1567 1303 1629 ait:
1366 1558 1693 1646 Ὀνόματος
1743 1564 2061 1650 ὀρθότητα
2118 1559 2282 1629 εἶναι
2323 1563 2565 1653 ἑκάστῳ

388 1676 514 1736 τῶν
553 1665 745 1735 ὄντων
790 1669 983 1756 φύσει
1023 1681 1423 1757 πεφυκυῖαν,
1465 1678 1577 1739 καί
1623 1673 1700 1737 οὖ
1740 1676 1924 1739 τοῦτο
1965 1669 2128 1739 εἶναι
2172 1666 2371 1755 ὄνομα
2411 1670 2448 1734 ὃ
2488 1667 2568 1739 ἄν

391 1767 556 1853 τινες
625 1783 991 1859 ξυνθέμενοι
1056 1785 1267 1843 καλεῖν
1331 1783 1569 1845 καλῶσι
1630 1784 1741 1865 τῆς
1799 1779 2011 1846 αὑτῶν
2074 1784 2287 1867 φωνῆς
2331 1778 2582 1864 ’μόριονκ

390 1886 948 1971 ἐπιφθεγγόμενοι,
1011 1884 1167 1950 α’λλά
1211 1887 1528 1970 ὀρθότητά
1574 1912 1716 1952 τινα
1755 1891 1879 1953 τῶν
1925 1889 2248 1968 ὀνομάτων
2289 1892 2568 1974 πεφυκέ-

394 2017 502 2056 ναι
545 1996 655 2056 καί
681 1988 932 2076 Ἕλλησι
977 1992 1082 2057 καί
1118 1995 1468 2077 βαρβάροις
1524 1996 1639 2078 τήν
1682 1993 1879 2077 αάτὴν
1920 1992 2160 2060 ἅπασιν
2206 2007 2375 2078 (pag.
2424 1997 2568 2060 383.

391 2103 501 2179 A).
584 2103 683 2165 Ad
725 2102 883 2185 quod
906 2104 1189 2167 Socrates
1229 2121 1353 2165 rem
1400 2104 1544 2167 dicit
1582 2121 1721 2171 esse
1765 2104 2173 2185 perdifficilem
2219 2105 2297 2166 ad
2342 2105 2566 2167 diiudi-

392 2211 686 2289 candum3
749 2229 936 2293 seque
976 2228 1099 2274 non
1147 2211 1450 2275 audivisse
1497 2213 1662 2275 dolet
1705 2213 1939 2275 Prodici
1981 2207 2565 2294 πεντηκοντάδραχ-

389 2340 509 2399 μον
553 2320 846 2397 ἐπίδειξιν
868 2369 893 2407 ,·
953 2338 1126 2401 quam
1184 2322 1282 2401 qui
1342 2319 1599 2383 audierit
1648 2318 1795 2402 περὶ
1840 2319 2167 2397 ὀνομάτων
2225 2316 2570 2402 ὀρθότητος

396 2446 534 2492 esse
577 2429 884 2506 edoctum:
928 2447 1064 2511 pag.
1098 2427 1241 2493 384.
1271 2434 1348 2492 B:
1392 2428 1476 2493 Εἰ
1495 2431 1612 2510 μὲν
1640 2422 1748 2492 οὖν
1786 2424 1905 2510 ἐγώ
1933 2419 2073 2510 ’ἤδη
2115 2424 2351 2509 άκηκόη
2387 2422 2567 2507 παρά

391 2537 721 2619 Προδίκου
789 2534 901 2618 τήν
955 2535 1628 2620 πεντηκοντάδραχμον
1688 2537 2020 2614 ἐπιδειξιν,
2071 2531 2163 2617 ἣν
2232 2527 2571 2596 α’κούσαντι

391 2641 664 2723 ὑπάρχει
707 2642 851 2724 περὶ
890 2646 1079 2708 τοῦτο
1119 2645 1629 2724 πεπαιδεῦσθαι,
1688 2638 1772 2716 ὥς
1815 2665 2007 2725 φησιν
2055 2638 2283 2714 ἐκεῖνος
2310 2687 2331 2719 ,
2388 2640 2571 2703 ου’δὲν

295 2742 301 2755 '
393 2743 472 2812 ἂν
510 2747 745 2817 ἐκώλυέ
810 2773 879 2813 σε
941 2752 1166 2815 αὐτίκα
1209 2749 1382 2830 μάλα
1430 2752 1667 2813 εἰδέναι
1730 2748 1845 2832 τῆν
1892 2747 2201 2831 α’λήθειαν
2240 2750 2387 2829 περὶ
2430 2748 2572 2809 ὀνο-

390 2859 610 2939 μάτων
654 2854 1015 2941 ὀρθότητος·
1080 2862 1191 2923 νῦν
1234 2861 1303 2922 δὲ
1336 2859 1448 2921 οὐκ
1493 2856 1750 2939 ἀκήκοα,
1790 2855 1952 2922 α’λλά
1995 2854 2106 2938 τήν
2149 2852 2566 2940 δραχμιαίαν·

394 2959 626 3029 οὔκουν
670 2960 856 3047 οἶδα,
910 2969 997 3053 πῇ
1040 2969 1188 3031 ποτὲ
1230 2964 1302 3030 τὸ
1344 2967 1579 3049 ἀληθὲς
1622 2963 1758 3047 ἔχει
1796 2964 1945 3045 uegit*
1982 2967 2109 3028 τῶν
2148 2962 2465 3029 τοιούτων.
2494 2966 2569 3042 θ’)

394 3075 537 3137 Tum
559 3078 973 3159 Hermogenes
1003 3077 1143 3139 Kal
1179 3072 1307 3157 μὴν
1350 3072 1560 3157 ἔγωγε,
1600 3076 1810 3157 inquit,
1852 3066 1906 3137 αἶ
1943 3074 2294 3157 Σώκρατες,
2337 3069 2570 3136 πολλά·

392 3205 487 3256 κις
514 3180 594 3264 δὴ
621 3182 729 3246 καί
755 3181 1341 3269 τούτῳδιαλεχθείς
1368 3185 1477 3245 καί
1498 3177 1711 3257 ἄλλοις
1736 3187 1987 3256 πολλοῖς
2013 3182 2094 3243 ου’
2111 3179 2393 3261 δύναμαι
2432 3203 2569 3245 πει-

464 3351 516 3421 ⁵)
537 3351 587 3402 Si
613 3317 774 3400 εκλιίε
789 3349 1013 3401 Platonis
1030 3334 1202 3401 verliis
1223 3349 1532 3416 colligimus,
1548 3350 1744 3401 Prodici
1766 3351 2030 3412 ἐπίδειξιν
2049 3347 2573 3417 πεντηκοντάδραχ-

390 3442 503 3494 μον
523 3422 684 3472 fuisse
697 3421 762 3471 de
775 3421 1047 3471 verborum
1067 3421 1390 3484 rectitudine,
1402 3438 1522 3471 >cum
1536 3421 1639 3472 illis
1656 3421 1993 3471 conciliantur
2005 3419 2206 3472 Charm.
2224 3434 2344 3485 pag.
2366 3419 2479 3470 163.
2498 3419 2539 3469 D
2554 3436 2570 3469 τ

391 3497 510 3548 Καὶ
523 3488 636 3564 γάρ
654 3492 941 3563 Προδίκου
958 3498 1132 3564 μυρία
1149 3487 1273 3546 τινά
1298 3492 1504 3558 ἀκήκοα
1521 3498 1651 3558 περὶ
1674 3492 1970 3565 ὀνομάτων
1988 3493 2349 3560 διαιροῦντος
2367 3497 2419 3539 et
2433 3490 2570 3542 Prot.

391 3579 507 3631 pag.
530 3563 649 3616 341.
672 3563 735 3623 A,
777 3563 862 3613 ubi
886 3564 1139 3626 Socrates),
1175 3570 1443 3631 postquam
1470 3563 1763 3614 discrimine
1787 3562 1923 3630 quod
1945 3564 2010 3613 sit
2030 3563 2163 3612 inter
2184 3561 2387 3616 εἶναιεί
2412 3565 2573 3630 γενέ-

394 3641 537 3687 σθαι
559 3636 793 3700 exposito
815 3634 1127 3687 Simonidem
1147 3633 1425 3686 defendere
1450 3643 1663 3687 conatus
1684 3635 1994 3698 Protagorae
2018 3647 2281 3685 assensum
2304 3646 2407 3681 non
2435 3630 2575 3696 tulit,
2649 3645 2653 3651 ·

390 3703 473 3760 Συ
512 3707 588 3770 δέ,
627 3708 819 3773 inquit,
843 3704 1020 3760 ἄλλων
1063 3707 1279 3761 πολλῶν
1317 3706 1582 3779 ἔμπειρος
1618 3706 1697 3761 ὧν
1741 3704 1934 3772 ταύτης
1973 3705 2094 3774 (τῆς
2129 3703 2421 3772 Προδίκου
2470 3718 2575 3755 σο-

394 3779 555 3846 φίας)
600 3777 833 3847 ἄπειρος
874 3776 1021 3831 εἶναι
1061 3781 1292 3847 φαίνει,
1347 3778 1449 3846 οὐχ
1493 3775 1681 3844 ὥσπερ
1735 3771 1841 3847 ἐγώ
1896 3779 2162 3848 ἔμπειρος
2193 3769 2288 3827 διά
2324 3778 2425 3829 τοῦ
2459 3794 2575 3845 μα·-

392 3839 562 3911 &qvin-
610 3848 757 3901 εἶναι
790 3847 1082 3931 Προδίκου
1132 3853 1369 3901 τουτουί.
1442 3849 1570 3898 Nam
1626 3847 1931 3898 Charmidae
1983 3854 2036 3897 et
2091 3847 2404 3912 Protagorae
2439 3843 2575 3897 locis

394 3918 631 3968 Socrates
669 3934 726 3968 se
762 3917 1021 3971 audivisse
1055 3919 1126 3970 ait
1162 3918 1366 3979 Prodici
1402 3917 1607 3969 scholas
1643 3919 1707 3969 de
1744 3917 1996 3968 similibus
2034 3917 2348 3968 diversarum
2387 3930 2574 3967 vocum

392 3987 852 4052 significationibus
889 3989 1268 4041 discernendis:
1309 3991 1362 4039 in
1400 3988 1609 4053 Cratylo
1639 4005 1696 4039 se
1731 4004 1834 4039 non
1877 3987 2137 4038 audivisse
2175 3988 2299 4038 dicit
2338 3985 2572 4037 eiusdem

389 4059 991 4130 πεντηκοντάδραχμον
1027 4061 1311 4122 ἐπίδειξιν,
1346 4073 1480 4127 quae
1520 4067 1629 4110 erat
1662 4060 1726 4109 de
1762 4059 2026 4109 nominum
2058 4057 2381 4109 rectitudine.
2426 4059 2575 4119 Quae

386 4127 664 4195 explicatio
702 4144 987 4196 quanquam
1033 4131 1429 4199 simplicissima,
1464 4147 1566 4180 non
1591 4139 1669 4181 est
1705 4138 1874 4179 tamen
1896 4131 2210 4188 necessaria,
2246 4128 2575 4180 Potuitenim

388 4201 658 4261 Socrates,
715 4208 881 4249 utrum
921 4216 977 4251 re
1024 4217 1147 4253 vera
1195 4201 1396 4252 Prodici
1440 4216 1647 4268 quoque
1686 4199 1957 4265 disciplina
2011 4208 2149 4252 esset
2191 4200 2255 4250 de
2303 4199 2574 4248 nominum

389 4271 698 4322 rectitudine
732 4285 836 4321 nou
873 4286 1086 4337 curans,
1136 4272 1337 4324 Prodici
1385 4271 1448 4322 de
1483 4273 1783 4336 synonymis
1823 4286 1955 4337 quae
2004 4272 2179 4322 dicunt
2216 4268 2423 4320 scholas
2470 4283 2571 4317 ne·-

391 4340 674 4409 gligentius
714 4340 804 4391 illo
846 4344 1051 4393 nomine
1086 4343 1398 4411 significare,
1438 4351 1495 4392 ut
1518 4341 1738 4407 Euthyd.
1779 4356 1898 4408 pag.
1937 4343 2056 4395 277.
2093 4341 2151 4392 Ε.
2194 4339 2296 4391 Alii
2339 4355 2444 4388 rem
2467 4336 2573 4386 ali-

390 4418 469 4465 ter
490 4412 851 4481 expedierunt:
874 4428 986 4465 cum
1005 4414 1269 4481 Spengelii
1293 4408 1409 4482 pag.
1435 4413 1523 4467 47.
1556 4411 2013 4467 conf.Welckerus
2039 4427 2156 4479 pag.
2181 4410 2300 4463 559.
2319 4417 2370 4460 et
2390 4425 2438 4475 q.
2458 4422 2572 4476 seq.
