2975 4959
1209 196 1742 297 5-168—

403 384 565 459 ciaS,
604 402 730 464 ,pro
786 384 877 446 his
927 402 1160 466 quoque
1202 386 1428 449 scholis
1474 386 1694 449 nullam
1739 385 1893 446 illum
1951 384 2331 449 constituisse
2387 376 2552 445 mer-

402 492 608 552 cedem
635 519 649 557 z
693 493 1123 555 utAristoteles
1150 494 1229 555 ait
1254 494 1390 554 loco
1414 477 1594 554 modo
1620 491 1913 554 exhibito:
1959 483 2062 551 ὅτε
2101 488 2218 570 γάρ
2247 490 2548 565 διδάξειεν

398 593 441 659 ἃ
481 600 520 658 ὃ
538 596 572 679 ἡ
598 625 634 659 n
661 621 805 661 οτε.
849 603 1043 679 Atque
1076 602 1314 662 omnino
1347 619 1460 662 una
1496 599 2170 678 dumtaxatProtagorae
2189 598 2408 657 diserte
2433 613 2552 656 no-

397 709 651 768 minatur
672 709 964 785 recitatiO,
1010 726 1182 788 quam
1209 709 1284 770 de
1329 708 1457 770 deis
1500 709 1742 788 primum
1762 708 1820 768 in
1847 708 2018 768 amici
2043 705 2344 768 cuiusdam
2371 705 2549 765 domo

400 823 574 894 atque
604 818 811 877 iterum
840 819 896 877 in
919 817 1117 896 Lyceo
1159 816 1396 882 habuit:
1451 817 1568 877 vid.
1589 833 1725 896 pag.
1748 816 1848 877 75.
1893 816 2017 876 Hac
2047 812 2302 875 docendi
2321 814 2554 873 ratione
2615 865 2622 869 .

398 928 537 984 tunc
584 924 836 984 maxime
892 924 1194 1003 sophistae
1248 925 1341 986 usi
1394 937 1531 984 csse
1575 922 1871 999 videntur,
1915 924 1967 983 si
2016 921 2152 1002 quid
2198 937 2318 981 non
2361 918 2550 981 solum

403 1047 602 1091 coram
627 1033 793 1092 iustis
819 1032 1119 1112 discipulis
1143 1039 1400 1093 tractare
1428 1031 1730 1109 volebant,
1749 1030 1857 1092 sed
1882 1048 2011 1091 cum
2036 1029 2108 1093 iis
2129 1045 2361 1108 quoque
2384 1044 2549 1089 com-

400 1140 723 1219 municare,
766 1140 863 1220 qui
893 1158 1012 1203 non
1044 1147 1104 1201 ut
1130 1141 1547 1220 discipulorum
1581 1156 1823 1201 numero
1855 1138 2292 1200 ascriberentur
2312 1136 2552 1196 nomina

405 1246 710 1308 dederant.
759 1247 877 1310 Eas
900 1249 1132 1328 quidem
1166 1248 1515 1326 ἐπιδείξεις,
1560 1266 1706 1328 quas
1730 1264 1930 1322 coram
1952 1247 2121 1307 iustis
2144 1242 2440 1323 discipulis
2462 1242 2555 1303 in-

399 1354 738 1433 stituebant,
763 1373 952 1436 aeque
971 1374 1041 1417 ac
1062 1356 1299 1417 scholas
1321 1357 1654 1417 ordinarias
1673 1357 1731 1416 in
1748 1356 1957 1437 privati
1979 1353 2231 1415 hominis
2254 1351 2552 1419 domicilio

395 1463 524 1523 sive
571 1480 679 1524 suo
726 1465 876 1539 sive,
915 1482 1046 1525 cum
1088 1464 1392 1543 sophistae
1437 1463 1565 1524 fere
1609 1463 1907 1543 peregrini
1954 1468 2173 1539 essent,
2220 1459 2393 1527 amici
2436 1458 2553 1519 ali-

401 1571 565 1631 cuius
602 1570 917 1631 habebant.
1004 1570 1088 1631 lta
1130 1572 1486 1652 Protagoras
1528 1573 1588 1632 in
1630 1570 1927 1649 Euripidis
1976 1577 2092 1646 aut,
2132 1575 2194 1642 ut
2238 1568 2335 1629 alii
2379 1567 2555 1641 dixe-

396 1684 552 1755 runt,
595 1679 653 1738 in
675 1679 1021 1759 Megaclidis
1047 1679 1226 1741 domo
1250 1679 1516 1759 privatim
1548 1680 1621 1741 de
1650 1679 1779 1740 deis
1803 1681 2112 1742 recitavit:
2158 1676 2399 1740 stabiles
2440 1691 2554 1737 an-

398 1792 516 1845 tem
560 1785 738 1846 sedes
782 1787 840 1846 in
885 1786 1106 1848 Calliae
1146 1787 1394 1849 aedibus
1437 1787 1782 1865 collocarat,
1824 1788 1926 1848 ubi
1966 1793 2025 1848 et
2066 1803 2194 1846 cum
2233 1784 2385 1861 aliis,
2413 1784 2550 1862 qui-

401 1910 632 1971 cunque
686 1912 821 1954 eum
885 1896 1359 1975 conveniebant,
1423 1895 1681 1976 colloqui
1740 1902 1799 1956 et
1857 1893 2177 1973 discipulos
2242 1893 2552 1953 instituere

401 2001 652 2064 solebat.
738 2003 1101 2093 Protagorae
1143 2006 1414 2084 privatim
1459 2005 1717 2069 docendi
1768 2005 2102 2078 rationem,
2142 2020 2255 2082 qua
2297 2001 2395 2081 qui
2433 2016 2554 2061 non
2627 2060 2632 2064 .

336 2174 349 2193 ἱ
401 2118 572 2172 erant
639 2111 908 2192 discipuli
973 2130 1007 2173 a
1073 2112 1298 2179 scholis
1362 2114 1757 2192 arcebantur,
1829 2112 2175 2176 Socraticae
2244 2125 2552 2189 opponens

402 2220 640 2298 saepius
700 2219 863 2281 Plato
934 2220 1273 2282 cavillatur:
1345 2227 1409 2281 ut
1471 2220 1715 2282 Theaet.
1773 2238 1911 2301 pag.
1961 2221 2100 2280 152.
2150 2218 2228 2295 C,
2297 2217 2432 2279 162.
2478 2217 2554 2278 A.

402 2329 615 2391 Coram
688 2332 914 2389 maiore
988 2345 1134 2391 vero
1198 2330 1526 2393 auditorum
1583 2347 1829 2391 numero
1902 2328 2247 2409 disputaturi
2311 2326 2555 2407 amplius

401 2437 711 2497 sumebant
772 2437 1169 2520 auditorium,
1221 2440 1593 2520 gymnasium
1656 2437 1893 2518 aliquod
1951 2438 2048 2498 vel
2111 2437 2399 2498 theatrum
2460 2434 2558 2495 vel

405 2545 581 2606 alium
645 2544 840 2606 locum
906 2545 1217 2626 publicum.
1323 2542 1520 2626 Lyceo
1584 2546 1864 2626 imprimis
1919 2548 2266 2608 utebantur:
2329 2551 2392 2605 ut
2446 2560 2560 2606 so-

405 2653 636 2732 phistae
698 2652 820 2730 illi,
884 2658 982 2734 qui
1044 2655 1290 2718 Hesiodi
1348 2655 1709 2737 Homerique
1777 2656 2038 2717 carmina
2103 2657 2560 2733 interpretantes

408 2760 732 2822 Isocratem
793 2763 1100 2824 calumniis
1161 2763 1487 2825 affecerunt
1544 2765 1761 2839 (Isocr.
1824 2764 2065 2826 Panath.
2126 2780 2262 2844 pag.
2303 2758 2446 2824 436.
2504 2766 2565 2821 et

405 2865 549 2931 446.
598 2869 692 2930 ed.
737 2870 958 2951 Anger.
1006 2877 1145 2932 tom.
1191 2870 1331 2948 11.);
1372 2871 1654 2934 Prodicus
1700 2891 1733 2934 a
1771 2870 2232 2953 gymnasiarcho
2268 2887 2345 2930 ex
2366 2869 2569 2948 Lyceo

409 2979 576 3045 exire
607 2979 804 3039 iussus
832 2986 925 3040 est
967 2978 1175 3059 (Eryx.
1197 2997 1333 3061 pag.
1360 2980 1501 3042 397.
1548 2981 1615 3061 C,
1660 2980 1799 3043 399.
1829 2982 1955 3057 A);
1998 2979 2400 3060 Euthydemus
2434 2980 2602 3039 cum'

414 3179 535 3231 pag.
577 3165 698 3216 252.
771 3164 870 3215 Sed
909 3166 1086 3214 nescio
1127 3140 1225 3233 ego
1283 3181 1346 3216 an
1384 3166 1514 3217 haec
1552 3167 1710 3218 verba
1756 3167 1819 3218 de
1859 3167 2151 3218 Democrito
2204 3169 2373 3233 potius
2421 3179 2572 3233 quam

413 3235 478 3286 de
515 3236 789 3302 Protagora
826 3233 1163 3303 intelligenda
1207 3238 1323 3287 sint.
1394 3237 1765 3305 Explicationis
1806 3241 1951 3305 quasi
1992 3238 2144 3289 cardo
2180 3239 2355 3288 nititur
2395 3237 2445 3286 in
2487 3236 2573 3285 lo·-

413 3308 631 3356 cutionis
691 3304 797 3374 0232
833 3305 984 3366 ὅπως
1042 3308 1454 3374 significatione,
1515 3326 1663 3378 quam
1716 3319 1868 3376 prout
1920 3319 2008 3360 aut
2058 3317 2189 3374 „non
2246 3308 2441 3359 solum“
2487 3313 2575 3356 aut

413 3392 545 3442 „non
590 3378 752 3427 solum
798 3385 929 3428 non“
983 3379 1331 3444 interpretaris
1385 3380 1513 3449 (vid.
1556 3381 1871 3431 Hermannus
1921 3380 1983 3430 ad
2024 3382 2194 3446 Viger.
2236 3394 2351 3445 pag.
2404 3376 2525 3427 432.
2530 3379 2578 3446 ),

416 3451 670 3500 sententia
725 3448 894 3499 evadit
958 3451 1226 3499 contraria.
1330 3451 1502 3518 Atque
1554 3451 1677 3501 mihi
1736 3452 1941 3518 quidem
2001 3449 2430 3515 interpretandum
2488 3448 2574 3496 vi-

412 3519 597 3569 detur:
648 3519 822 3584 „Alius
871 3535 996 3570 vero
1048 3522 1129 3570 vir
1175 3519 1379 3603 quidam
1431 3521 1677 3572 Abderita
1724 3539 1830 3572 non
1877 3521 2036 3573 solum
2073 3521 2269 3571 nullam
2326 3516 2502 3583 exegit
2540 3532 2572 3568 a
2625 3578 2640 3585 „

413 3589 676 3654 discipulis
698 3590 1004 3654 mercedem,
1039 3591 1129 3641 sed
1162 3593 1342 3641 etiam“
1366 3598 1419 3641 et
1447 3608 1496 3658 q.
1519 3607 1582 3655 s.,
1620 3600 1676 3642 ut
1710 3593 1953 3660 sophistis
1990 3591 2207 3642 habendi
2248 3589 2444 3656 cupidis
2473 3604 2574 3654 op-

369 3690 371 3692 ·
415 3668 669 3726 ponantur
701 3660 1023 3711 Democritus
1062 3669 1113 3711 et
1143 3663 1414 3715 Socrates.
1453 3677 1585 3729 quae
1622 3666 1874 3714 sententia
1907 3665 1958 3714 in
1997 3663 2147 3713 huius
2183 3661 2283 3712 loci
2318 3659 2576 3712 conditio-

414 3745 534 3780 nem
585 3732 847 3795 aptissime
890 3731 1117 3798 quadrat.
1192 3732 1293 3783 Sed
1339 3732 1574 3795 accedit,
1629 3734 1794 3800 quod,
1845 3750 1958 3784 cum
1993 3735 2316 3799 Protagoram
2365 3731 2576 3782 divitias

417 3815 535 3851 suas
574 3801 625 3849 in
664 3801 843 3851 studiis
882 3801 1207 3868 philosophis
1243 3805 1623 3869 consumpsisse
1662 3820 1811 3855 nemo
1849 3820 2071 3871 unquam
2107 3803 2434 3865 memorarit,
2474 3801 2576 3851 hoc

414 3871 581 3935 ipsum
618 3878 820 3922 veteres
863 3875 1137 3938 scriptores
1179 3873 1241 3923 de
1274 3873 1569 3925 Democrito
1603 3881 1866 3926 testantur.
1945 3876 2092 3926 Cont.
2131 3882 2337 3939 praeter
2374 3880 2578 3923 ceteros

415 3941 559 3992 locos
598 3941 921 3993 amullaehio
955 3959 1073 4010 pag.
1104 3944 1190 3996 36.
1236 3951 1287 3993 et
1322 3959 1371 4010 q.
1409 3961 1553 4012 seqq.
1592 3944 1774 3995 allatos
1812 3946 1945 4013 quod
1982 3946 2044 3996 de
2078 3946 2370 3996 Democrito
2409 3950 2582 3994 narrat

415 4011 747 4065 Antisthenes
783 4012 1011 4064 Rhodius
1056 4014 1187 4080 apud
1216 4014 1368 4080 Diog.
1402 4015 1569 4066 laert.
1606 4015 1694 4066 lib.
1734 4017 1817 4067 lx.
1866 4017 1904 4086 §.
1940 4017 2037 4069 39·
2071 4015 2332 4070 Ἐλθόντα
2369 4015 2433 4068 δέ
2465 4033 2575 4099 φη-

314 4097 319 4101 ’
419 4101 511 4137 σιν
559 4074 731 4137 αὐτὸν
782 4087 844 4137 ἐκ
895 4088 988 4151 τῆς
1041 4084 1356 4157 ἀποδημίας
1405 4086 1776 4140 ταπεινότατα
1826 4085 2050 4155 διάγειν
2102 4085 2197 4138 ατε
2238 4088 2429 4139 πᾶσαν
2475 4079 2578 4146 τὴν

415 4153 616 4207 ov'ocaw
652 4155 1091 4218 καταναλωκότα,
1134 4162 1450 4224 τρέφεσθαί
1478 4176 1533 4209 τε
1572 4152 1665 4213 διὰ
1707 4153 1808 4222 τὴν
1845 4156 2111 4239 ἀπορίαν
2126 4156 2235 4210 ὑπὸ
2275 4159 2373 4208 τοῦ
2414 4154 2577 4205 dds).-

419 4227 593 4296 φοῦ-
572 4222 863 4296 Λαιιᾰσου.
934 4225 999 4276 Et
1034 4228 1075 4295 §.
1111 4225 1196 4278 36.
1227 4227 1290 4278 Ὁ
1329 4227 1387 4280 δὲ
1421 4227 1736 4316 Δημήτριος
1773 4228 1913 4298 υπὲρ
1952 4222 2154 4285 ἑκατόν
2188 4225 2425 4282 τάλαντά
2463 4244 2574 4295 φη-

417 4314 508 4353 συν
548 4297 696 4351 εἶναι
733 4294 883 4367 αὐτῷ
919 4295 980 4352 τὸ
1016 4302 1208 4369 μέρος,
1243 4297 1465 4353 ἅπαντα
1502 4300 1562 4353 δὲ
1598 4299 1911 4355 arminium.
