2975 4959
1283 298 1815 363 -118—

460 483 584 546 vid.
646 483 827 563 Soph.
887 500 1022 563 pag.
1070 483 1210 545 231.
1258 483 1350 559 D,
1417 483 1569 543 Prot.
1615 500 1753 562 pag.
1797 481 1938 543 313.
1980 482 2043 542 C.
2095 520 2196 533 --
2232 483 2425 562 Atque
2487 483 2647 544 inulti

468 591 705 673 quidem
770 609 978 656 eorum
1042 589 1273 671 α’ρετὴν
1337 608 1407 651 se
1457 592 1683 652 docere
1743 589 2170 670 profitebantur
2227 591 2645 672 (Plat.·Gorg.

467 718 604 781 pag.
648 698 790 760 519.
837 698 962 775 CJ:
1027 715 1105 759 ex
1148 700 1409 778 ipsorum
1458 704 1652 759 autem
1696 714 1946 760 numero
1993 698 2093 760 alii
2138 698 2256 760 illis
2299 699 2649 773 irridebant,

352 811 381 843 *⁹
468 809 567 888 qui
612 807 886 869 virtutem
933 805 1137 867 doceri
1186 823 1368 886 posse
1408 807 1875 882 contenderent,
1926 813 2063 867 ante
2103 802 2317 869 omnes
2362 808 2640 888 Gorgias,

469 917 641 977 cuius
683 932 780 977 ars
806 921 929 976 tota
954 917 1012 976 in
1038 914 1456 995 persuadendo
1491 915 1846 976 versabatur
1888 915 2106 996 (Gorg.
2131 934 2268 996 pag.
2304 917 2446 978 452.
2469 918 2540 993 D,
2580 915 2647 979 E.

468 1026 629 1088 Men.
650 1043 785 1106 pag.
811 1023 910 1086 95.
941 1024 1040 1100 Β).
1078 1024 1346 1104 Plerique
1378 1023 1589 1086 multas
1612 1025 1896 1086 scientias
1930 1031 2206 1104 artesque
2234 1026 2645 1106 singulastlra-

478 1134 722 1209 debant‚
765 1140 828 1194 ut
855 1132 1164 1209 musicam,
1187 1133 1686 1212 mathematicam,
1732 1134 2177 1210 astronomiam,
2220 1133 2279 1195 id
2302 1150 2495 1214 genus
2515 1135 2655 1197 alia.

467 1241 741 1327 Fuerunt,
771 1242 970 1315 etiam,
1012 1240 1111 1319 qui
1161 1242 1359 1300 omnia
1402 1258 1471 1301 se
1514 1243 1675 1303 scire
1721 1240 2142 1321 gloriarentur,
2192 1243 2645 1321 uttlip'pias—
2686 1278 2693 1282 -

468 1350 599 1422 Quo
647 1346 865 1411 sactum
916 1354 1030 1425 est,
1072 1354 1136 1409 ut
1183 1348 1488 1428 sophistae
1520 1350 1700 1410 modo
1732 1350 2010 1410 rhetores
2052 1349 2412 1426 dicerentur,
2460 1351 2644 1412 modo

463 1457 697 1518 virtutis
747 1456 1048 1531 doctoreS,
1092 1455 1275 1516 modo
1323 1455 1471 1516 tales
1514 1456 1793 1535 viri,-qui
1834 1456 1987 1517 alios
2015 1458 2318 1536 sapientes
2345 1457 2644 1533 facerent3

466 1583 581 1644 qua
622 1570 820 1641 autem
866 1564 929 1623 in
968 1579 1038 1623 re
1082 1563 1386 1641 sapientes
1431 1569 1493 1622 et
1534 1562 1803 1623 facerent
1862 1570 1923 1624 et
1977 1565 2092 1643 ipsi
2152 1572 2353 1625 essent
2380 1610 2396 1639 ,
2461 1580 2646 1644 saepe

467 1671 823 1736 nesciretur.
877 1669 1049 1730 Conf.
1081 1667 1476 1730 Baumhaueri
1520 1668 1619 1730 lib.
1661 1687 1799 1750 pag.
1830 1669 1963 1731 114.
2011 1671 2132 1748 ind.
2178 1689 2305 1752 cap.
2336 1671 2405 1733 11.
2448 1673 2649 1745 Quare

467 1795 622 1859 quae
680 1777 857 1839 fuerit
912 1777 1089 1838 unius
1148 1778 1437 1857 cuiusque
1498 1777 1838 1858 professio,
1896 1780 1953 1839 in
2011 1780 2261 1860 singulis
2326 1781 2646 1860 separatim

465 1894 560 1950 est
599 1886 1024 1969 quaerendum.
1949 1944 1961 1965 ι

639 1995 1033 2075 Hippocrates
1078 1996 1301 2076 igitur,
1341 2001 1408 2056 ut
1464 1994 1538 2056 ad
1588 1994 1972 2075 Protagoram
2017 1994 2356 2070 redeamu8‚
2410 1996 2502 2057 vir
2541 1997 2641 2056 in-

464 2104 658 2187 signis
706 2121 778 2165 ac
818 2104 1164 2183 praeclarus
1214 2102 1441 2164 futurus
1487 2102 1855 2183 Protagorae
1902 2102 2177 2164 doctrina
2234 2103 2415 2165 imbui
2462 2105 2639 2184 cupit.

465 2210 523 2273 Is
581 2229 729 2273 vero
779 2230 813 2274 a
860 2213 1110 2275 Socrate
1167 2218 1459 2292 rogatus,
1520 2229 1832 2292 quamnam
1887 2220 2073 2273 artem
2118 2228 2251 2272 cum
2286 2213 2643 2292 Hippocrate

464 2320 1007 2382 communicaturus
1071 2321 1189 2397 sit,
1253 2320 1311 2380 in
1384 2320 1516 2381 dies
1578 2319 1734 2381 illum
1793 2337 1901 2381 sua
1962 2320 2272 2450 disciplina
2332 2321 2641 2383 meliorem

461 2428 596 2489 fore
638 2427 963 2507 respondet
1018 2445 1157 2508 pag.
1203 2428 1344 2490 315.
1387 2429 1480 2489 A:
1535 2426 1896 2505 Ὑπολωβων
1957 2419 2070 2489 ουν
2126 2425 2157 2491 ὃ
2202 2423 2645 2509 Πρωταγόρας

461 2559 673 2598 ἒιπεν
754 2529 812 2598 ὦ
857 2557 1172 2614 mamone,
1229 2531 1409 2597 {orat
1467 2539 1672 2598 ‘tot'vov
1711 2558 1845 2614 001,
1892 2534 2001 2598 ἐὰν
2043 2537 2189 2616 ἐμοὶ
2223 2537 2445 2620 συνῇς,
2484 2528 2524 2622 ᾗ
2567 2561 2647 2598 αν
2745 2534 2754 2537 “

460 2641 670 2730 ἡμέρᾳ
714 2645 861 2723 ἐμοι
898 2648 1182 2728 συγγένῃ,
1234 2639 1486 2705 ἀπιέναι
1528 2640 1739 2706 οἴκαδε
1779 2646 2047 2723 βεὶτίονι
2092 2640 2390 2726 γεγονότι,
2432 2667 2534 2705 και
2577 2646 2645 2705 ἐν

461 2754 543 2836 τῇ
583 2750 888 2838 ὑστεραίᾳ
929 2749 1089 2814 αὐτοὶ
1137 2754 1356 2828 ταῦτα,
1384 2751 1510 2812 -καὶ
1548 2746 1813 2832 ἑκάστης
1850 2747 2091 2832 ἡμέρας
2131 2751 2239 2813 ἀεῖ
2273 2753 2383 2813 ἐπὶ
2407 2750 2473 2814 τὸ
2498 2755 2642 2831 βέλ-

461 2880 598 2922 τιον
635 2858 1009 2923 ἐπιδιδόναι.
1059 2860 1190 2933 Quo
1218 2861 1816 2939 promissoSocrates
1860 2877 1981 2925 non
2026 2859 2634 2923 contentus-edoceri

460 2966 604 3044 vult,
647 2985 762 3048 qua
810 2969 868 3029 in
913 2985 981 3029 re
1010 2969 1242 3029 iuvenis
1268 2968 1480 3030 melior
1522 2971 1599 3030 sit
1641 2969 1893 3030 futurus·
1978 2967 2080 3029 {lle
2127 2986 2298 3045 vero,
2346 2987 2416 3031 se
2455 2969 2637 3030 multo

463 3076 836 3155 superiorem
877 3076 1159 3152 confisus,
1205 3078 1517 3140 Socratem
1559 3077 1852 3138 iuniorem
1899 3077 2331 3150 valdelaudat·²
2380 3078 2478 3156 qui
2513 3083 2638 3138 tam

462 3184 621 3245 hene
671 3183 826 3245 sciat
889 3185 1313 3266 interrogare,
1382 3202 1579 3264 neque
1641 3202 1709 3246 se
1776 3185 1994 3246 deesse
2059 3188 2215 3246 hene
2270 3186 2638 3266 rogantibus.

461 3291 584 3353 lam
627 3310 776 3354 vero
822 3293 1037 3354 multus
1081 3299 1172 3354 est
1213 3311 1569 3372 exponens,
1619 3299 1838 3373 quanto
1887 3296 2288 3373 praestantior
2332 3295 2517 3373 ipsius
2558 3294 2641 3354 sit

461 3417 563 3461 ars
606 3417 781 3481 quam
829 3407 1163 3462 ceterorum
1205 3401 1629 3481 sophistarum,
1673 3403 1772 3481 qui
1817 3388 2070 3462 iuvenes
2110 3402 2365 3479 perdant
2408 3418 2480 3460 ac
2525 3401 2641 3461 de-

398 3574 407 3583 ,
459 3511 720 3572 teriores
771 3509 1063 3571 dimittant
1122 3527 1298 3588 quam
1346 3511 1732 3589 acceperint:
1801 3509 2221 3571 adolescentes
2284 3511 2481 3585 enim,
2540 3511 2643 3588 qui

460 3623 621 3678 artes
666 3616 947 3700 fugerint,
988 3616 1215 3678 'invitos
1255 3618 1332 3677 ab
1380 3615 1496 3678 illis
1544 3616 1620 3677 ad
1662 3623 1824 3677 artes
1866 3615 2074 3697 repelli
2106 3617 2389 3696 rationes,
2437 3622 2641 3679 astro-

457 3724 740 3800 nomiam,
781 3726 1173 3805 geometriam
1200 3723 1610 3799 tradentibus3
1661 3726 1852 3804 ipsum
1895 3730 2092 3790 autem
2138 3722 2285 3784 nihil
2332 3722 2491 3784 aliud
2532 3740 2642 3799 eos

462 3830 688 3893 docere
745 3851 917 3912 quam
965 3833 1130 3911 cuius
1177 3850 1357 3894 causa
1404 3851 1472 3893 se
1520 3834 1797 3914 aggressi
1838 3834 1972 3894 sint.
2062 3832 2447 3912 Disciplinam
2492 3849 2640 3892 vero

455 3957 624 4004 suam
651 3939 742 4001 his
765 3940 969 4002 verbis
992 3941 1195 4002 definit
1211 3959 1347 4021 pag.
1366 3941 1509 4003 318.
1528 3941 1607 4003 E:
1645 3939 1729 4003 Τὸ
1758 3942 1829 4005 δὲ
1853 3937 2128 4021 μάθἠμιί
2149 3942 2317 4003 ἐστιν
2337 3938 2639 4019 εὐβουλία

446 4047 605 4127 περί
627 4068 692 4108 τε
714 4048 837 4109 τῶν
865 4046 1133 4125 οἰκείων,
1179 4040 1350 4121 ὅπως
1372 4038 1451 4109 ἂν
1472 4039 1702 4128 ἄριστα
1749 4048 1862 4127 τήν
1907 4043 2106 4109 αὑτοῦ
2147 4047 2346 4109 οἰκίαν
2391 4048 2638 4120 ὸίοικοῖ,
2703 4110 2714 4125 x

447 4155 561 4217 καί
604 4156 750 4235 περί
790 4155 919 4216 τῶν
962 4156 1070 4236 τῆς
1109 4153 1381 4235 πόλεως,
1426 4149 1593 4229 ὅπως
1635 4151 1713 4217 τά
1760 4158 1867 4236 τῆς
1909 4154 2150 4227 πόλεως
2195 4151 2638 4222 δυνατώτατος

390 4278 393 4285 ”
448 4255 532 4323 ἄν
573 4259 671 4344 εἴη
711 4262 822 4324 καί
860 4258 1153 4344 πράττειν
1208 4264 1321 4325 καί
1377 4264 1597 4343 λέγειν.
1687 4263 1875 4336 Quam
1934 4263 2287 4324 sententiam
2354 4261 2638 4323 Socrates

445 4371 827 4456 paucioribus
877 4371 1078 4432 verbis
1128 4373 1401 4456 eandem·
1429 4373 1509 4433 ita
1554 4371 1893 4451 exprimere
1941 4371 2057 4435 sibi
2099 4371 2360 4433 videtur:
2409 4371 2633 4437 Δοκεῑς
