2975 4959
1189 289 1727 354 -1‘230—

379 473 644 546 Quorum
686 473 993 551 utriusque
1018 471 1356 548 dictorum,
1402 478 1463 532 et
1491 472 1700 533 Pittaci
1744 467 2024 550 χαλεπὸν
2064 466 2248 534 ἐσλὸν
2290 470 2560 550 ἔμμεναι

368 588 435 642 et
485 581 673 661 ipsius
712 581 1038 644 Simonidis
1083 572 1269 661 ἄνδρ’
1301 576 1550 660 ἀγαθὸν
1591 580 1879 651 ἀλαθέως
1922 580 2215 658 γενέσθαι
2254 575 2558 658 χαλεπόν,

373 706 710 768 quanquam
753 688 965 750 eadem
1008 696 1102 750 est
1145 689 1466 763 sententia,
1515 695 1714 749 tamen
1760 687 2041 749 Pittacum
2066 688 2404 749 Simonides
2445 705 2555 749 re—

373 797 695 877 prehendit
733 798 835 877 qui
876 795 990 858 οὕκ
1029 798 1345 874 ἐμμελέως
1392 796 1626 857 dixerit.
1713 796 1843 872 Non
1907 797 2089 876 igitur
2144 795 2256 856 sihi
2321 801 2558 856 constat

378 913 582 984 poeta,
628 905 723 983 qui
768 905 965 964 medio
1009 904 1279 989 carmine
1319 910 1538 965 statuat
1577 904 1739 984 quod
1785 903 1972 982 priori
2019 892 2314 964 eiusdem*
2333 904 2553 964 carmi-

367 1015 462 1073 nis
503 1013 641 1073 loco
687 1017 996 1092 repugnet.
1043 1044 1123 1085 -ε-
1167 1013 1363 1090 Atque
1404 1011 1688 1074 Socrates
1736 1010 1970 1090 quidem
2014 1029 2130 1091 qua
2173 1013 2233 1072 in
2279 1030 2344 1071 re
2376 1029 2554 1072 erra-

372 1122 525 1184 verit
568 1120 954 1199 Protagoram
1000 1120 1254 1180 edocet:
1300 1119 1664 1182 Simonidem
1707 1121 1866 1180 enim
1911 1119 2114 1181 dicere
2154 1116 2397 1199 ἀγαθὸν
2436 1141 2551 1198 γε·

370 1231 693 1304 νέσθαι,
744 1206 1023 1289 Pittacum
1071 1225 1446 1305 ἔμμεναι,
1489 1245 1647 1307 quae
1692 1230 1742 1289 si
1787 1227 2027 1309 quidem
2070 1244 2191 1288 non
2237 1228 2394 1287 idem
2437 1246 2549 1287 va-

367 1335 569 1410 leant,
632 1352 755 1396 non
811 1336 1113 1396 contraria
1180 1335 1339 1415 loqui
1384 1336 1773 1398 Simonidem.
1860 1336 2027 1397 Hanc
2081 1336 2237 1397 enim
2294 1335 2553 1396 fortasse

371 1443 559 1504 fuisse
623 1445 751 1504 cius
807 1445 1205 1505 sententiam:
1270 1442 1432 1504 Fieri
1489 1444 1726 1525 quidem
1784 1445 1976 1505 virum
2033 1444 2253 1505 bonum
2313 1443 2553 1522 difficile

369 1568 551 1622 esse;
602 1540 724 1611 ‘scd
791 1552 843 1611 si
899 1552 1028 1630 quis
1075 1550 1348 1612 virtutem
1399 1551 1584 1611 semel
1631 1558 1943 1612 assecutus
2003 1554 2117 1625 sit,
2171 1559 2311 1612 tunc
2366 1551 2553 1630 facile

375 1675 514 1719 esse
577 1658 880 1739 negotium
938 1659 1095 1720 illam
1140 1677 1471 1720 eoeercere:
1530 1666 1593 1721 ut
1632 1658 1931 1721 Hesiodus
1978 1659 2137 1720 dicat
2175 1660 2321 1738 (Op.
2366 1664 2427 1720 et
2473 1659 2547 1720 D.
2589 1740 2594 1742 v

364 1785 425 1828 v.
475 1766 609 1828 287.
662 1774 720 1827 et
761 1786 815 1847 q.
862 1778 1104 1848 seqq.):
1180 1790 1187 1797 ’

575 1877 699 1956 Τῆς
750 1877 804 1937 ‹l'
852 1877 1079 1956 α’ρετῆς
1121 1871 1358 1955 ἱδρῶτα
1403 1874 1544 1936 θεοῖ
1587 1872 2022 1958 προπάροιθεν
2059 1872 2295 1955 ἔθηκαν

565 1978 893 2059 ἀθάνατοι,
937 1979 1180 2061 μακρὸς
1227 1984 1298 2045 δὲ
1341 1985 1448 2044 καί
1494 1975 1713 2061 ὄρθιος
1756 1974 1932 2060 οἶμος
1972 1974 2311 2062 ἐπ”,αὖτῆν

562 2092 671 2153 καί
709 2089 948 2171 τρηχῦς
987 2088 1056 2152 τὸ
1097 2100 1358 2170 πρῶτον·
1443 2086 1600 2171 ἐπὴν
1642 2089 1703 2151 δ’
1739 2091 1831 2162 εἰς
1872 2083 2065 2166 ἄκρον
2106 2090 2334 2170 ἵκηται,

564 2199 776 2284 ῥηϊδίη
825 2197 900 2279 δὴ
947 2195 1165 2260 ἔπειτα
1208 2201 1398 2281 πέλει,
1437 2193 1685 2278 χαλεπή
1726 2220 1841 2277 περ
1891 2198 2107 2260 ἐοῦσα.

369 2310 559 2384 Quam
603 2307 1062 2387 explicationem
1109 2306 1318 2387 partim
1380 2324 1584 2367 veram
1634 2284 1774 2368 esse
1828 2306 2039 2386 partim
2086 2305 2294 2366 salsam
2348 2304 2547 2364 nemi-

368 2436 504 2479 nem
552 2417 720 2498 fugit.
804 2416 994 2494 Etiam
1035 2416 1398 2495 Protagoras
1456 2416 1854 2495 posteriorem
1899 2416 2030 2477 eius
2086 2421 2308 2494 partem
2357 2413 2548 2472 vehe-

366 2532 600 2587 menter
639 2524 979 2604 impugnat:
1046 2523 1422 2585 rudissimum
1466 2539 1605 2584 esse
1649 2529 1883 2603 poetam
1914 2570 1931 2601 ,
1996 2525 2093 2602 qui
2141 2523 2218 2583 ad
2271 2522 2546 2592 virtutem

369 2633 771 2695 exercendam
818 2639 933 2692 tam
980 2633 1201 2712 exiguo
1248 2629 1455 2694 labore
1501 2649 1657 2711 opus·
1693 2648 1831 2693 esse
1880 2631 2061 2707 dicat,
2106 2648 2239 2691 cum
2285 2630 2547 2697 Sitom-

372 2741 535 2802 nium
585 2739 1007 2815 difficillimum.
1063 2739 1587 2815 QuareSocrates,
1633 2744 1698 2798 ut
1743 2739 1917 2809 aliam
1957 2739 2112 2797 viam
2158 2736 2547 2816 ingrediatur,

373 2850 633 2912 sortasse
679 2855 740 2910 et
784 2849 1153 2912 Simonidem
1196 2854 1256 2909 et
1277 2849 1436 2910 Ceos
1477 2864 1690 2908 omnes
1732 2848 1814 2907 ait
1851 2841 2132 2926 χαλεπόν
2175 2845 2382 2905 dicere
2419 2827 2542 2903 non
2590 2864 2610 2917 Q

374 2958 532 3037 quod
580 2959 766 3019 ceteri
811 2957 1052 3034 Graeci,
1094 2956 1204 3018 sed
1248 2957 1406 3017 idem
1450 2956 1582 3017 fer'e
1626 2955 1786 3038 quod
1831 2953 2053 3016 κακόνε
2102 2961 2167 3014 ut
2210 2952 2550 3014 Simonides

372 3066 654 3128 Pittacum
703 3066 1158 3146 reprehenderit
1203 3066 1373 3145 quasi
1413 3063 1604 3126 κακὸν
1662 3062 1847 3126 ἐσλὸν
1906 3060 2172 3141 ἔμμεναι
2224 3063 2546 3125 statuisset.

369 3172 445 3236 Et
484 3173 701 3253 prioris
747 3179 807 3234 et
848 3173 1022 3234 huius
1067 3172 1522 3253 explicationis,
1588 3188 1742 3252 quae
1785 3189 1975 3251 paene
2020 3152 2196 3232 ⁴vilior
2240 3174 2333 3229 est
2372 3185 2547 3246 quam

264 3318 269 3323 κ
369 3281 563 3361 qualis
603 3278 700 3340 vel
739 3281 964 3341 iocanti
1011 3281 1429 3353 condonetur,
1471 3281 1697 3340 socium
1750 3279 1929 3340 hahet
1969 3277 2303 3361 Pronm
2348 3277 2446 3354 qui
2489 3281 2549 3335 et

273 3361 285 3383 ⁸
368 3390 610 3452 omnino
634 3387 882 3450 amicius
907 3405 1039 3448 cum
1059 3390 1310 3449 Socrate
1353 3388 1594 3447 vivebat
1638 3393 1699 3448 et
1738 3389 1799 3447 in
1844 3386 2131 3448 similibus
2173 3385 2543 3449 diversarum

369 3514 581 3560 vocum
623 3496 972 3557 notionibus
1037 3495 1456 3556 discernendis
1514 3511 1757 3574 operam
1815 3494 2097 3555 navabat.
2177 3494 2373 3571 Atque
2426 3507 2547 3571 po-

369 3607 685 3668 steriorem
728 3603 937 3666 salsam
979 3620 1116 3665 esse
1158 3603 1464 3684 sophistae
1506 3605 1789 3666 Socrates
1831 3601 2115 3664 concedit
2153 3608 2214 3662 et
2251 3603 2441 3681 ipsum
2488 3606 2551 3660 et
2653 3642 2662 3655 l

365 3711 681 3774 Prodicum
727 3713 962 3775 iocatos
1005 3730 1145 3775 esse
1188 3712 1464 3788 addens;
1532 3720 1650 3773 tum
1713 3728 1859 3773 vero
1931 3710 2072 3789 quid
2113 3710 2228 3772 sibi
2270 3708 2546 3772 videatur

370 3820 448 3881 de
506 3826 636 3883 toto
697 3823 963 3883 carmine
1026 3822 1181 3882 bona
1240 3820 1358 3882 fide
1406 3823 1456 3882 si
1523 3822 1758 3900 placeat
1801 3818 2226 3900 explicaturum
2283 3834 2352 3878 se
2398 3834 2546 3897 pro-

377 3927 575 3989 fessus
647 3930 853 3991 mirum
926 3930 1083 3991 illum
1154 3930 1382 4010 profert
1449 3947 1788 3991 sermonem
1820 3974 1839 4007 ‚
1910 3942 2028 4008 quo
2099 3929 2551 4006 interpretatio-

368 4052 508 4096 nem
565 4041 628 4095 et
681 4039 861 4099 totius
923 4040 1202 4100 carminis
1267 4045 1326 4099 et
1384 4038 1748 4118 singularum
1813 4036 2238 4098 sententiarum
2288 4035 2578 4097 maxima>

371 4161 451 4206 ex
511 4148 678 4223 parte
721 4147 1132 4224 pravissimam
1194 4164 1327 4208 cum
1387 4147 1758 4208 auditoribus
1814 4145 2232 4231 communicat.
2312 4142 2543 4203 Prooe-

368 4253 488 4313 mio
556 4253 702 4312 satis
772 4255 1023 4331 copioso
1089 4257 1362 4335 antiquos
1433 4254 1733 4334 sophistas
1797 4255 2051 4315 maxime
2117 4249 2580 4329 brachylogiae
2639 4330 2645 4345 „

308 4432 318 4443 .
370 4361 708 4423 Laconicae
750 4362 1048 4425 studuisse
1093 4366 1189 4425 ait.
1274 4362 1556 4425 Eiusdem
1598 4362 1844 4445 generis
1888 4360 2072 4423 fuisse
2114 4361 2289 4421 etiam
2338 4356 2546 4419 Pittaci
