<?xml version="1.0" encoding="UTF-8"?>
<!DOCTYPE html PUBLIC "-//W3C//DTD XHTML 1.0 Transitional//EN"
    "http://www.w3.org/TR/xhtml1/DTD/xhtml1-transitional.dtd">
<html xmlns="http://www.w3.org/1999/xhtml" xml:lang="en" lang="en">
 <head>
  <title>
</title>
<meta http-equiv="Content-Type" content="text/html;charset=utf-8" />
  <meta name='ocr-system' content='tesseract 3.04.00' />
  <meta name='ocr-capabilities' content='ocr_page ocr_carea ocr_par ocr_line ocrx_word'/>
</head>
<body>
  <div class='ocr_page' id='page_1' title='image "./quaestionesprot00freigoog_0022.png"; bbox 0 0 2975 4959; ppageno 0'>
   <div class='ocr_carea' id='block_1_1' title="bbox 1319 264 1800 331">
    <p class='ocr_par' dir='ltr' id='par_1_1' title="bbox 1319 264 1800 331">
     <span class='ocr_line' id='line_1_1' title="bbox 1319 264 1800 331; baseline -0.008 -17"><span class='ocrx_word' id='word_1_1' title='bbox 1319 264 1800 331; x_wconf 68' lang='lat'><strong>...10—</strong></span> 
     </span>
    </p>
   </div>
   <div class='ocr_carea' id='block_1_2' title="bbox 410 448 2730 2581">
    <p class='ocr_par' dir='ltr' id='par_1_2' title="bbox 410 448 2730 2581">
     <span class='ocr_line' id='line_1_2' title="bbox 448 448 2648 530; baseline 0 -20"><span class='ocrx_word' id='word_1_2' title='bbox 448 455 734 512; x_wconf 71' lang='lat' dir='ltr'><strong>mortuus</strong></span> <span class='ocrx_word' id='word_1_3' title='bbox 795 450 912 526; x_wconf 79' lang='lat' dir='ltr'><strong>sit,</strong></span> <span class='ocrx_word' id='word_1_4' title='bbox 976 454 1286 529; x_wconf 85' lang='lat' dir='ltr'><strong>postquam</strong></span> <span class='ocrx_word' id='word_1_5' title='bbox 1347 454 1545 510; x_wconf 80' lang='lat' dir='ltr'><strong>artem</strong></span> <span class='ocrx_word' id='word_1_6' title='bbox 1594 449 1979 529; x_wconf 76' lang='lat' dir='ltr'><strong>sophisticam</strong></span> <span class='ocrx_word' id='word_1_7' title='bbox 2035 450 2306 520; x_wconf 81' lang='lat' dir='ltr'><strong>exercuit</strong></span> <span class='ocrx_word' id='word_1_8' title='bbox 2358 466 2466 528; x_wconf 82' lang='lat' dir='ltr'><strong>per</strong></span> <span class='ocrx_word' id='word_1_9' title='bbox 2515 448 2648 530; x_wconf 86' lang='lat' dir='ltr'><strong>plus</strong></span> 
     </span>
     <span class='ocr_line' id='line_1_3' title="bbox 468 556 2650 639; baseline -0 -20"><span class='ocrx_word' id='word_1_10' title='bbox 468 556 861 638; x_wconf 76' lang='lat' dir='ltr'><strong>quadraginta</strong></span> <span class='ocrx_word' id='word_1_11' title='bbox 898 575 1134 619; x_wconf 85' lang='lat' dir='ltr'><strong>annos:</strong></span> <span class='ocrx_word' id='word_1_12' title='bbox 1183 557 1259 618; x_wconf 87' lang='lat' dir='ltr'><strong>ad</strong></span> <span class='ocrx_word' id='word_1_13' title='bbox 1306 557 1538 619; x_wconf 78' lang='lat' dir='ltr'><strong>litteras</strong></span> <span class='ocrx_word' id='word_1_14' title='bbox 1586 564 1647 619; x_wconf 88' lang='lat' dir='ltr'><strong>et</strong></span> <span class='ocrx_word' id='word_1_15' title='bbox 1694 556 2126 638; x_wconf 77' lang='lat' dir='ltr'>philosophiam</span> <span class='ocrx_word' id='word_1_16' title='bbox 2169 575 2496 639; x_wconf 79' lang='lat' dir='ltr'><strong>aggressus</strong></span> <span class='ocrx_word' id='word_1_17' title='bbox 2538 564 2650 633; x_wconf 80' lang='lat' dir='ltr'><strong>est,</strong></span> 
     </span>
     <span class='ocr_line' id='line_1_4' title="bbox 410 654 2649 747; baseline -0 -19"><span class='ocrx_word' id='word_1_18' title='bbox 410 654 414 657; x_wconf 58' lang='grc'><strong>’</strong></span> <span class='ocrx_word' id='word_1_19' title='bbox 468 683 604 728; x_wconf 88' lang='lat' dir='ltr'><strong>cum</strong></span> <span class='ocrx_word' id='word_1_20' title='bbox 654 659 1037 736; x_wconf 13' lang='lat' dir='ltr'><strong>Democritus*</strong></span> <span class='ocrx_word' id='word_1_21' title='bbox 1079 683 1228 745; x_wconf 88' lang='lat' dir='ltr'><strong>puer</strong></span> <span class='ocrx_word' id='word_1_22' title='bbox 1267 666 1506 729; x_wconf 84' lang='lat' dir='ltr'><strong>vixdum</strong></span> <span class='ocrx_word' id='word_1_23' title='bbox 1552 665 1844 727; x_wconf 85' lang='lat' dir='ltr'><strong>decimum</strong></span> <span class='ocrx_word' id='word_1_24' title='bbox 1887 664 2100 726; x_wconf 81' lang='lat' dir='ltr'><strong>aetatis</strong></span> <span class='ocrx_word' id='word_1_25' title='bbox 2147 683 2364 730; x_wconf 87' lang='lat' dir='ltr'><strong>annum</strong></span> <span class='ocrx_word' id='word_1_26' title='bbox 2411 667 2649 747; x_wconf 82' lang='lat' dir='ltr'><strong>attigis-</strong></span> 
     </span>
     <span class='ocr_line' id='line_1_5' title="bbox 464 771 2647 854; baseline -0.002 -19"><span class='ocrx_word' id='word_1_27' title='bbox 464 780 594 835; x_wconf 82' lang='lat' dir='ltr'><strong>set:</strong></span> <span class='ocrx_word' id='word_1_28' title='bbox 642 790 794 853; x_wconf 87' lang='lat' dir='ltr'><strong>quae</strong></span> <span class='ocrx_word' id='word_1_29' title='bbox 826 773 1022 834; x_wconf 85' lang='lat' dir='ltr'><strong>omnia</strong></span> <span class='ocrx_word' id='word_1_30' title='bbox 1067 780 1279 853; x_wconf 88' lang='lat' dir='ltr'><strong>quarto</strong></span> <span class='ocrx_word' id='word_1_31' title='bbox 1323 771 1497 842; x_wconf 86' lang='lat' dir='ltr'><strong>huius</strong></span> <span class='ocrx_word' id='word_1_32' title='bbox 1539 773 1676 836; x_wconf 88' lang='lat' dir='ltr'><strong>libri</strong></span> <span class='ocrx_word' id='word_1_33' title='bbox 1701 774 1895 854; x_wconf 89' lang='lat' dir='ltr'><strong>capite</strong></span> <span class='ocrx_word' id='word_1_34' title='bbox 1937 780 2329 852; x_wconf 74' lang='lat' dir='ltr'><strong>exponentur.</strong></span> <span class='ocrx_word' id='word_1_35' title='bbox 2417 774 2491 836; x_wconf 85' lang='lat' dir='ltr'><strong>Et</strong></span> <span class='ocrx_word' id='word_1_36' title='bbox 2532 775 2647 836; x_wconf 91' lang='lat' dir='ltr'><strong>mi..</strong></span> 
     </span>
     <span class='ocr_line' id='line_1_6' title="bbox 464 879 2639 961; baseline -0 -18"><span class='ocrx_word' id='word_1_37' title='bbox 464 899 595 943; x_wconf 83' lang='lat' dir='ltr'><strong>rum</strong></span> <span class='ocrx_word' id='word_1_38' title='bbox 620 898 768 942; x_wconf 80' lang='lat' dir='ltr'><strong>sane</strong></span> <span class='ocrx_word' id='word_1_39' title='bbox 813 879 1085 942; x_wconf 87' lang='lat' dir='ltr'><strong>videatur</strong></span> <span class='ocrx_word' id='word_1_40' title='bbox 1111 898 1367 943; x_wconf 82' lang='lat' dir='ltr'><strong>necesse</strong></span> <span class='ocrx_word' id='word_1_41' title='bbox 1393 887 1507 957; x_wconf 84' lang='lat' dir='ltr'><strong>est,</strong></span> <span class='ocrx_word' id='word_1_42' title='bbox 1549 881 1871 957; x_wconf 80' lang='lat' dir='ltr'><strong>hominem,</strong></span> <span class='ocrx_word' id='word_1_43' title='bbox 1913 882 2014 960; x_wconf 89' lang='lat' dir='ltr'><strong>qui</strong></span> <span class='ocrx_word' id='word_1_44' title='bbox 2057 881 2210 943; x_wconf 89' lang='lat' dir='ltr'><strong>bene</strong></span> <span class='ocrx_word' id='word_1_45' title='bbox 2257 888 2319 942; x_wconf 86' lang='lat' dir='ltr'><strong>et</strong></span> <span class='ocrx_word' id='word_1_46' title='bbox 2361 881 2639 961; x_wconf 84' lang='lat' dir='ltr'><strong>expedite</strong></span> 
     </span>
     <span class='ocr_line' id='line_1_7' title="bbox 465 988 2644 1070; baseline 0 -21"><span class='ocrx_word' id='word_1_47' title='bbox 465 988 628 1070; x_wconf 85' lang='lat' dir='ltr'><strong>ligna</strong></span> <span class='ocrx_word' id='word_1_48' title='bbox 674 995 914 1069; x_wconf 87' lang='lat' dir='ltr'><strong>portare</strong></span> <span class='ocrx_word' id='word_1_49' title='bbox 955 990 1186 1070; x_wconf 82' lang='lat' dir='ltr'><strong>possit,</strong></span> <span class='ocrx_word' id='word_1_50' title='bbox 1230 991 1308 1052; x_wconf 91' lang='lat' dir='ltr'><strong>ob</strong></span> <span class='ocrx_word' id='word_1_51' title='bbox 1355 990 1416 1051; x_wconf 90' lang='lat' dir='ltr'><strong>id</strong></span> <span class='ocrx_word' id='word_1_52' title='bbox 1457 991 1647 1070; x_wconf 90' lang='lat' dir='ltr'><strong>ipsum</strong></span> <span class='ocrx_word' id='word_1_53' title='bbox 1698 990 1917 1051; x_wconf 84' lang='lat' dir='ltr'><strong>bonum</strong></span> <span class='ocrx_word' id='word_1_54' title='bbox 1962 996 2023 1050; x_wconf 88' lang='lat' dir='ltr'><strong>et</strong></span> <span class='ocrx_word' id='word_1_55' title='bbox 2061 988 2398 1070; x_wconf 84' lang='lat' dir='ltr'><strong>expeditum</strong></span> <span class='ocrx_word' id='word_1_56' title='bbox 2440 988 2644 1069; x_wconf 82' lang='lat' dir='ltr'><strong>philo·-</strong></span> 
     </span>
     <span class='ocr_line' id='line_1_8' title="bbox 458 1096 2640 1178; baseline -0 -19"><span class='ocrx_word' id='word_1_57' title='bbox 458 1096 710 1176; x_wconf 79' lang='lat' dir='ltr'><strong>soplmm</strong></span> <span class='ocrx_word' id='word_1_58' title='bbox 747 1104 962 1176; x_wconf 77' lang='lat' dir='ltr'><strong>,putare</strong></span> <span class='ocrx_word' id='word_1_59' title='bbox 1007 1097 1284 1160; x_wconf 78' lang='lat' dir='ltr'><strong>futurum.</strong></span> <span class='ocrx_word' id='word_1_60' title='bbox 1368 1096 1436 1159; x_wconf 83' lang='lat' dir='ltr'><strong>ln</strong></span> <span class='ocrx_word' id='word_1_61' title='bbox 1479 1098 1713 1178; x_wconf 84' lang='lat' dir='ltr'><strong>placitis</strong></span> <span class='ocrx_word' id='word_1_62' title='bbox 1757 1104 1953 1162; x_wconf 85' lang='lat' dir='ltr'><strong>autem</strong></span> <span class='ocrx_word' id='word_1_63' title='bbox 1998 1098 2303 1178; x_wconf 76' lang='lat' dir='ltr'><strong>sophistae</strong></span> <span class='ocrx_word' id='word_1_64' title='bbox 2354 1096 2498 1159; x_wconf 84' lang='lat' dir='ltr'><strong>nihil</strong></span> <span class='ocrx_word' id='word_1_65' title='bbox 2542 1098 2640 1158; x_wconf 90' lang='lat' dir='ltr'><strong>in-</strong></span> 
     </span>
     <span class='ocr_line' id='line_1_9' title="bbox 463 1204 2639 1284; baseline 0 -19"><span class='ocrx_word' id='word_1_66' title='bbox 463 1222 640 1281; x_wconf 84' lang='lat' dir='ltr'><strong>esse,</strong></span> <span class='ocrx_word' id='word_1_67' title='bbox 690 1204 850 1284; x_wconf 88' lang='lat' dir='ltr'><strong>quod</strong></span> <span class='ocrx_word' id='word_1_68' title='bbox 899 1205 974 1266; x_wconf 88' lang='lat' dir='ltr'><strong>ad</strong></span> <span class='ocrx_word' id='word_1_69' title='bbox 1016 1206 1424 1279; x_wconf 80' lang='lat' dir='ltr'><strong>Democritum</strong></span> <span class='ocrx_word' id='word_1_70' title='bbox 1464 1207 1819 1269; x_wconf 85' lang='lat' dir='ltr'><strong>necessario</strong></span> <span class='ocrx_word' id='word_1_71' title='bbox 1869 1207 1948 1267; x_wconf 85' lang='lat' dir='ltr'><strong>sit</strong></span> <span class='ocrx_word' id='word_1_72' title='bbox 1990 1204 2371 1267; x_wconf 79' lang='lat' dir='ltr'><strong>referendum</strong></span> <span class='ocrx_word' id='word_1_73' title='bbox 2399 1249 2419 1283; x_wconf 91' lang='lat'>‚</span> <span class='ocrx_word' id='word_1_74' title='bbox 2464 1224 2639 1267; x_wconf 84' lang='lat' dir='ltr'><strong>com-</strong></span> 
     </span>
     <span class='ocr_line' id='line_1_10' title="bbox 459 1301 2662 1397; baseline -0 -22"><span class='ocrx_word' id='word_1_75' title='bbox 459 1314 840 1378; x_wconf 86' lang='lat' dir='ltr'><strong>mentationis</strong></span> <span class='ocrx_word' id='word_1_76' title='bbox 880 1320 1126 1376; x_wconf 88' lang='lat' dir='ltr'><strong>nostrae</strong></span> <span class='ocrx_word' id='word_1_77' title='bbox 1171 1312 1325 1397; x_wconf 80' lang='lat' dir='ltr'><strong>libro</strong></span> <span class='ocrx_word' id='word_1_78' title='bbox 1369 1312 1643 1393; x_wconf 84' lang='lat' dir='ltr'><strong>secundo</strong></span> <span class='ocrx_word' id='word_1_79' title='bbox 1688 1315 1929 1394; x_wconf 86' lang='lat' dir='ltr'><strong>planum</strong></span> <span class='ocrx_word' id='word_1_80' title='bbox 1972 1314 2092 1375; x_wconf 84' lang='lat' dir='ltr'><strong>flet.</strong></span> <span class='ocrx_word' id='word_1_81' title='bbox 2657 1301 2662 1306; x_wconf 69' lang='grc'><strong>’</strong></span> 
     </span>
     <span class='ocr_line' id='line_1_11' title="bbox 652 1420 2641 1503; baseline 0.001 -19"><span class='ocrx_word' id='word_1_82' title='bbox 652 1421 855 1494; x_wconf 83' lang='lat' dir='ltr'><strong>Quare</strong></span> <span class='ocrx_word' id='word_1_83' title='bbox 913 1422 1298 1502; x_wconf 71' lang='lat' dir='ltr'><strong>Protagoram</strong></span> <span class='ocrx_word' id='word_1_84' title='bbox 1364 1422 1695 1488; x_wconf 79' lang='lat' dir='ltr'><strong>Democriti</strong></span> <span class='ocrx_word' id='word_1_85' title='bbox 1765 1422 2114 1503; x_wconf 84' lang='lat' dir='ltr'><strong>discipulum</strong></span> <span class='ocrx_word' id='word_1_86' title='bbox 2173 1420 2361 1484; x_wconf 82' lang='lat' dir='ltr'><strong>fuisse</strong></span> <span class='ocrx_word' id='word_1_87' title='bbox 2426 1427 2641 1487; x_wconf 78' lang='lat' dir='ltr'><strong>contra.</strong></span> 
     </span>
     <span class='ocr_line' id='line_1_12' title="bbox 458 1528 2730 1612; baseline 0 -22"><span class='ocrx_word' id='word_1_88' title='bbox 458 1529 724 1591; x_wconf 87' lang='lat' dir='ltr'><strong>Geelium</strong></span> <span class='ocrx_word' id='word_1_89' title='bbox 769 1539 939 1612; x_wconf 82' lang='lat' dir='ltr'><strong>[pag.</strong></span> <span class='ocrx_word' id='word_1_90' title='bbox 984 1529 1083 1593; x_wconf 84' lang='lat'><strong>69.</strong></span> <span class='ocrx_word' id='word_1_91' title='bbox 1131 1536 1191 1590; x_wconf 89' lang='lat' dir='ltr'><strong>et</strong></span> <span class='ocrx_word' id='word_1_92' title='bbox 1231 1548 1286 1610; x_wconf 88' lang='lat' dir='ltr'><strong>q.</strong></span> <span class='ocrx_word' id='word_1_93' title='bbox 1333 1539 1556 1610; x_wconf 90' lang='lat' dir='ltr'><strong>seqq.)‚</strong></span> <span class='ocrx_word' id='word_1_94' title='bbox 1600 1530 1880 1593; x_wconf 90' lang='lat' dir='ltr'><strong>Geistium</strong></span> <span class='ocrx_word' id='word_1_95' title='bbox 1904 1542 2071 1611; x_wconf 87' lang='lat' dir='ltr'><strong>(pag.</strong></span> <span class='ocrx_word' id='word_1_96' title='bbox 2105 1531 2257 1606; x_wconf 66' lang='lat'>14),</span> <span class='ocrx_word' id='word_1_97' title='bbox 2301 1528 2635 1592; x_wconf 84' lang='lat' dir='ltr'><strong>Herbstium</strong></span> <span class='ocrx_word' id='word_1_98' title='bbox 2723 1574 2730 1580; x_wconf 83' lang='lat'>-</span> 
     </span>
     <span class='ocr_line' id='line_1_13' title="bbox 442 1633 2634 1720; baseline -0.001 -20"><span class='ocrx_word' id='word_1_99' title='bbox 442 1644 625 1718; x_wconf 75' lang='lat' dir='ltr'><strong>(pag.</strong></span> <span class='ocrx_word' id='word_1_100' title='bbox 678 1638 815 1699; x_wconf 77' lang='lat'><strong>104.</strong></span> <span class='ocrx_word' id='word_1_101' title='bbox 860 1644 922 1699; x_wconf 83' lang='lat' dir='ltr'><strong>et</strong></span> <span class='ocrx_word' id='word_1_102' title='bbox 966 1655 1024 1717; x_wconf 89' lang='lat' dir='ltr'><strong>q.</strong></span> <span class='ocrx_word' id='word_1_103' title='bbox 1067 1648 1230 1720; x_wconf 82' lang='lat' dir='ltr'><strong>seq.)</strong></span> <span class='ocrx_word' id='word_1_104' title='bbox 1290 1638 1664 1702; x_wconf 82' lang='lat' dir='ltr'><strong>confidenter</strong></span> <span class='ocrx_word' id='word_1_105' title='bbox 1704 1654 1933 1719; x_wconf 87' lang='lat' dir='ltr'><strong>negare</strong></span> <span class='ocrx_word' id='word_1_106' title='bbox 1967 1633 2118 1700; x_wconf 49' lang='lat' dir='ltr'><strong>‘non</strong></span> <span class='ocrx_word' id='word_1_107' title='bbox 2169 1639 2395 1700; x_wconf 81' lang='lat' dir='ltr'><strong>dubito.</strong></span> <span class='ocrx_word' id='word_1_108' title='bbox 2478 1637 2634 1700; x_wconf 83' lang='lat' dir='ltr'><strong>Nihil</strong></span> 
     </span>
     <span class='ocr_line' id='line_1_14' title="bbox 450 1746 2634 1827; baseline 0 -22"><span class='ocrx_word' id='word_1_109' title='bbox 450 1746 608 1807; x_wconf 89' lang='lat' dir='ltr'><strong>enim</strong></span> <span class='ocrx_word' id='word_1_110' title='bbox 649 1764 744 1808; x_wconf 90' lang='lat' dir='ltr'><strong>me</strong></span> <span class='ocrx_word' id='word_1_111' title='bbox 783 1754 1087 1808; x_wconf 84' lang='lat' dir='ltr'><strong>morantur</strong></span> <span class='ocrx_word' id='word_1_112' title='bbox 1115 1746 1326 1826; x_wconf 83' lang='lat' dir='ltr'><strong>reliqui</strong></span> <span class='ocrx_word' id='word_1_113' title='bbox 1368 1748 1725 1827; x_wconf 86' lang='lat' dir='ltr'><strong>scriptorum</strong></span> <span class='ocrx_word' id='word_1_114' title='bbox 1766 1748 1930 1823; x_wconf 89' lang='lat' dir='ltr'><strong>loci,</strong></span> <span class='ocrx_word' id='word_1_115' title='bbox 1972 1746 2185 1827; x_wconf 89' lang='lat' dir='ltr'><strong>quibus</strong></span> <span class='ocrx_word' id='word_1_116' title='bbox 2232 1746 2491 1808; x_wconf 78' lang='lat' dir='ltr'><strong>fabellae</strong></span> <span class='ocrx_word' id='word_1_117' title='bbox 2535 1746 2634 1807; x_wconf 84' lang='lat' dir='ltr'><strong>isti</strong></span> 
     </span>
     <span class='ocr_line' id='line_1_15' title="bbox 450 1852 2628 1937; baseline 0 -23"><span class='ocrx_word' id='word_1_118' title='bbox 450 1853 939 1916; x_wconf 70' lang='lat' dir='ltr'><strong>tideshabetur:</strong></span> <span class='ocrx_word' id='word_1_119' title='bbox 1000 1856 1174 1937; x_wconf 85' lang='lat' dir='ltr'><strong>Diog.</strong></span> <span class='ocrx_word' id='word_1_120' title='bbox 1233 1855 1429 1917; x_wconf 86' lang='lat' dir='ltr'><strong>Laert.</strong></span> <span class='ocrx_word' id='word_1_121' title='bbox 1472 1855 1599 1921; x_wconf 88' lang='lat' dir='ltr'><strong>.lib.</strong></span> <span class='ocrx_word' id='word_1_122' title='bbox 1644 1855 1746 1920; x_wconf 86' lang='lat' dir='ltr'><strong>lx.</strong></span> <span class='ocrx_word' id='word_1_123' title='bbox 1800 1861 1857 1929; x_wconf 84' lang='lat'><strong>§.</strong></span> <span class='ocrx_word' id='word_1_124' title='bbox 1898 1855 2017 1918; x_wconf 78' lang='lat'><strong>50:</strong></span> <span class='ocrx_word' id='word_1_125' title='bbox 2087 1854 2400 1935; x_wconf 78' lang='grc' dir='ltr'><em>Διήκουσε</em></span> <span class='ocrx_word' id='word_1_126' title='bbox 2467 1854 2537 1915; x_wconf 77' lang='grc' dir='ltr'><strong>δὲ</strong></span> <span class='ocrx_word' id='word_1_127' title='bbox 2593 1852 2628 1914; x_wconf 78' lang='grc' dir='ltr'>ὅ</span> 
     </span>
     <span class='ocr_line' id='line_1_16' title="bbox 453 1939 2630 2045; baseline 0.002 -22"><span class='ocrx_word' id='word_1_128' title='bbox 453 1957 896 2043; x_wconf 78' lang='grc' dir='ltr'><strong><em>Πρωταγόρας</em></strong></span> <span class='ocrx_word' id='word_1_129' title='bbox 945 1962 1363 2045; x_wconf 70' lang='grc' dir='ltr'><strong><em>Δημοκρίτου.</em></strong></span> <span class='ocrx_word' id='word_1_130' title='bbox 1411 1963 1595 2026; x_wconf 87' lang='lat' dir='ltr'><strong>Clem.</strong></span> <span class='ocrx_word' id='word_1_131' title='bbox 1623 1965 1794 2025; x_wconf 82' lang='lat' dir='ltr'><strong>Alex.</strong></span> <span class='ocrx_word' id='word_1_132' title='bbox 1828 1964 2046 2030; x_wconf 82' lang='lat' dir='ltr'><strong>Strom.</strong></span> <span class='ocrx_word' id='word_1_133' title='bbox 2095 1963 2191 2024; x_wconf 81' lang='lat' dir='ltr'><strong>lib.</strong></span> <span class='ocrx_word' id='word_1_134' title='bbox 2229 1962 2275 2024; x_wconf 89' lang='lat' dir='ltr'><strong>l.</strong></span> <span class='ocrx_word' id='word_1_135' title='bbox 2321 1939 2458 2042; x_wconf 58' lang='lat' dir='ltr'><strong>bag.</strong></span> <span class='ocrx_word' id='word_1_136' title='bbox 2486 1962 2630 2028; x_wconf 80' lang='lat'><strong>301.</strong></span> 
     </span>
     <span class='ocr_line' id='line_1_17' title="bbox 454 2068 2636 2154; baseline -0.003 -17"><span class='ocrx_word' id='word_1_137' title='bbox 454 2070 543 2137; x_wconf 81' lang='lat' dir='ltr'><strong>D:</strong></span> <span class='ocrx_word' id='word_1_138' title='bbox 582 2071 1004 2151; x_wconf 60' lang='grc' dir='ltr'><strong><em>»Δημοκρίτου</em></strong></span> <span class='ocrx_word' id='word_1_139' title='bbox 1066 2071 1136 2135; x_wconf 80' lang='grc' dir='ltr'><strong>δὲ</strong></span> <span class='ocrx_word' id='word_1_140' title='bbox 1195 2072 1507 2136; x_wconf 79' lang='grc' dir='ltr'><strong><em>α’κουσταί</em></strong></span> <span class='ocrx_word' id='word_1_141' title='bbox 1551 2070 1996 2154; x_wconf 76' lang='grc' dir='ltr'><strong><em>Πρωταγόρας</em></strong></span> <span class='ocrx_word' id='word_1_142' title='bbox 2057 2068 2089 2135; x_wconf 83' lang='grc' dir='ltr'><strong>ὅ</strong></span> <span class='ocrx_word' id='word_1_143' title='bbox 2139 2070 2515 2151; x_wconf 69' lang='grc' dir='ltr'><strong><em>Ἀβδηρίτης</em></strong></span> <span class='ocrx_word' id='word_1_144' title='bbox 2574 2075 2636 2130; x_wconf 78' lang='lat' dir='ltr'><strong>et</strong></span> 
     </span>
     <span class='ocr_line' id='line_1_18' title="bbox 460 2169 2706 2270; baseline -0.001 -30"><span class='ocrx_word' id='word_1_145' title='bbox 460 2196 517 2258; x_wconf 88' lang='lat' dir='ltr'><strong>q.</strong></span> <span class='ocrx_word' id='word_1_146' title='bbox 575 2197 749 2259; x_wconf 87' lang='lat' dir='ltr'><strong>seqq.</strong></span> <span class='ocrx_word' id='word_1_147' title='bbox 855 2178 1127 2244; x_wconf 85' lang='lat' dir='ltr'><strong>Philostr.</strong></span> <span class='ocrx_word' id='word_1_148' title='bbox 1194 2180 1332 2244; x_wconf 91' lang='lat' dir='ltr'><strong>loco</strong></span> <span class='ocrx_word' id='word_1_149' title='bbox 1407 2200 1587 2262; x_wconf 86' lang='lat' dir='ltr'><strong>supra</strong></span> <span class='ocrx_word' id='word_1_150' title='bbox 1661 2169 1884 2244; x_wconf 85' lang='lat' dir='ltr'><strong>citato:</strong></span> <span class='ocrx_word' id='word_1_151' title='bbox 1955 2175 2400 2260; x_wconf 78' lang='grc' dir='ltr'><strong><em>Πρωταγόρας</em></strong></span> <span class='ocrx_word' id='word_1_152' title='bbox 2439 2178 2535 2270; x_wconf 16' lang='grc' dir='ltr'><strong>’δὲ</strong></span> <span class='ocrx_word' id='word_1_153' title='bbox 2607 2175 2639 2239; x_wconf 80' lang='grc' dir='ltr'>ὅ</span> <span class='ocrx_word' id='word_1_154' title='bbox 2701 2259 2706 2264; x_wconf 15' lang='grc' dir='ltr'>ἱ</span> 
     </span>
     <span class='ocr_line' id='line_1_19' title="bbox 454 2282 2631 2371; baseline -0.001 -22"><span class='ocrx_word' id='word_1_155' title='bbox 454 2285 821 2367; x_wconf 70' lang='grc' dir='ltr'><strong><em>Ἀβδηρίτης</em></strong></span> <span class='ocrx_word' id='word_1_156' title='bbox 860 2282 1168 2369; x_wconf 74' lang='grc' dir='ltr'><strong><em>σοφιστῆς</em></strong></span> <span class='ocrx_word' id='word_1_157' title='bbox 1209 2292 1328 2366; x_wconf 74' lang='grc' dir='ltr'><strong>μὲν</strong></span> <span class='ocrx_word' id='word_1_158' title='bbox 1369 2292 1474 2350; x_wconf 83' lang='grc' dir='ltr'>καί</span> <span class='ocrx_word' id='word_1_159' title='bbox 1496 2289 1893 2371; x_wconf 75' lang='grc' dir='ltr'><strong><em>Δημοκρίτου</em></strong></span> <span class='ocrx_word' id='word_1_160' title='bbox 1944 2283 2257 2365; x_wconf 82' lang='grc' dir='ltr'><strong><em>α’κροατὴς</em></strong></span> <span class='ocrx_word' id='word_1_161' title='bbox 2306 2283 2458 2349; x_wconf 78' lang='grc' dir='ltr'><strong><em>οἴκοι</em></strong></span> <span class='ocrx_word' id='word_1_162' title='bbox 2501 2288 2631 2366; x_wconf 75' lang='grc' dir='ltr'><strong><em>ἐγέ-</em></strong></span> 
     </span>
     <span class='ocr_line' id='line_1_20' title="bbox 449 2393 2621 2476; baseline 0.001 -23"><span class='ocrx_word' id='word_1_163' title='bbox 449 2415 604 2454; x_wconf 72' lang='grc' dir='ltr'><strong><em>νετο.</em></strong></span> <span class='ocrx_word' id='word_1_164' title='bbox 646 2393 865 2454; x_wconf 84' lang='lat' dir='ltr'><strong>Euseb.</strong></span> <span class='ocrx_word' id='word_1_165' title='bbox 911 2394 1366 2476; x_wconf 85' lang='lat' dir='ltr'><strong>Praep.Evang.</strong></span> <span class='ocrx_word' id='word_1_166' title='bbox 1411 2395 1517 2458; x_wconf 83' lang='lat' dir='ltr'><strong>lib.</strong></span> <span class='ocrx_word' id='word_1_167' title='bbox 1564 2395 1721 2457; x_wconf 88' lang='lat' dir='ltr'><strong>XIV.</strong></span> <span class='ocrx_word' id='word_1_168' title='bbox 1770 2412 1901 2473; x_wconf 86' lang='lat' dir='ltr'><strong>cap.</strong></span> <span class='ocrx_word' id='word_1_169' title='bbox 1952 2395 2051 2455; x_wconf 88' lang='lat'><strong>17.</strong></span> <span class='ocrx_word' id='word_1_170' title='bbox 2137 2395 2340 2456; x_wconf 81' lang='lat' dir='ltr'><strong>Utrum</strong></span> <span class='ocrx_word' id='word_1_171' title='bbox 2384 2394 2621 2455; x_wconf 88' lang='lat' dir='ltr'><strong>Aeliani</strong></span> 
     </span>
     <span class='ocr_line' id='line_1_21' title="bbox 455 2500 2628 2581; baseline 0.001 -21"><span class='ocrx_word' id='word_1_172' title='bbox 455 2500 595 2561; x_wconf 88' lang='lat' dir='ltr'><strong>Var.</strong></span> <span class='ocrx_word' id='word_1_173' title='bbox 636 2500 781 2561; x_wconf 88' lang='lat' dir='ltr'><strong>Hist.</strong></span> <span class='ocrx_word' id='word_1_174' title='bbox 825 2501 925 2567; x_wconf 88' lang='lat' dir='ltr'><strong>lib.</strong></span> <span class='ocrx_word' id='word_1_175' title='bbox 973 2501 1015 2563; x_wconf 94' lang='lat' dir='ltr'><strong>l.</strong></span> <span class='ocrx_word' id='word_1_176' title='bbox 1060 2520 1190 2581; x_wconf 86' lang='lat' dir='ltr'><strong>cap.</strong></span> <span class='ocrx_word' id='word_1_177' title='bbox 1236 2502 1335 2566; x_wconf 77' lang='lat'><strong>23.</strong></span> <span class='ocrx_word' id='word_1_178' title='bbox 1376 2503 1494 2565; x_wconf 89' lang='lat' dir='ltr'><strong>huc</strong></span> <span class='ocrx_word' id='word_1_179' title='bbox 1540 2503 1969 2564; x_wconf 82' lang='lat' dir='ltr'><strong>conserendum</strong></span> <span class='ocrx_word' id='word_1_180' title='bbox 2011 2507 2175 2563; x_wconf 87' lang='lat' dir='ltr'><strong>esset</strong></span> <span class='ocrx_word' id='word_1_181' title='bbox 2214 2520 2408 2562; x_wconf 90' lang='lat' dir='ltr'><strong>necne</strong></span> <span class='ocrx_word' id='word_1_182' title='bbox 2449 2503 2628 2563; x_wconf 88' lang='lat' dir='ltr'><strong>dubi-</strong></span> 
     </span>
    </p>
   </div>
   <div class='ocr_carea' id='block_1_3' title="bbox 2958 1205 2960 1777">
    <p class='ocr_par' dir='ltr' id='par_1_3' title="bbox 2958 1205 2960 1777">
     <span class='ocr_line' id='line_1_22' title="bbox 2958 1205 2960 1777; baseline 0 0"><span class='ocrx_word' id='word_1_183' title='bbox 2958 1205 2960 1777; x_wconf 95' lang='lat' dir='ltr'><strong> </strong></span> 
     </span>
    </p>
   </div>
   <div class='ocr_carea' id='block_1_4' title="bbox 448 2605 2817 2698">
    <p class='ocr_par' dir='ltr' id='par_1_4' title="bbox 448 2605 2817 2698">
     <span class='ocr_line' id='line_1_23' title="bbox 448 2605 2817 2698; baseline 0.008 -28"><span class='ocrx_word' id='word_1_184' title='bbox 448 2614 644 2670; x_wconf 81' lang='lat' dir='ltr'><strong>tarum</strong></span> <span class='ocrx_word' id='word_1_185' title='bbox 683 2608 793 2677; x_wconf 63' lang='lat' dir='ltr'><strong>viri</strong></span> <span class='ocrx_word' id='word_1_186' title='bbox 837 2607 1040 2670; x_wconf 80' lang='lat' dir='ltr'><strong>docti:</strong></span> <span class='ocrx_word' id='word_1_187' title='bbox 1104 2610 1196 2671; x_wconf 83' lang='grc' dir='ltr'><strong>Ἐν</strong></span> <span class='ocrx_word' id='word_1_188' title='bbox 1237 2618 1368 2684; x_wconf 78' lang='grc' dir='ltr'><strong><em>τοῖς</em></strong></span> <span class='ocrx_word' id='word_1_189' title='bbox 1395 2605 1648 2692; x_wconf 82' lang='grc' dir='ltr'><strong><em>Ἕλλησι</em></strong></span> <span class='ocrx_word' id='word_1_190' title='bbox 1688 2616 1818 2682; x_wconf 83' lang='grc' dir='ltr'><strong><em>τοῖς</em></strong></span> <span class='ocrx_word' id='word_1_191' title='bbox 1866 2606 2064 2671; x_wconf 77' lang='grc' dir='ltr'><strong><em>πάλαι</em></strong></span> <span class='ocrx_word' id='word_1_192' title='bbox 2100 2608 2319 2689; x_wconf 71' lang='grc' dir='ltr'><strong><em>μακρὰ</em></strong></span> <span class='ocrx_word' id='word_1_193' title='bbox 2359 2612 2433 2694; x_wconf 73' lang='grc' dir='ltr'><strong>τῇ</strong></span> <span class='ocrx_word' id='word_1_194' title='bbox 2476 2605 2623 2695; x_wconf 64' lang='grc' dir='ltr'><strong>δόξῃ</strong></span> <span class='ocrx_word' id='word_1_195' title='bbox 2701 2694 2706 2698; x_wconf 43' lang='grc'>,</span> <span class='ocrx_word' id='word_1_196' title='bbox 2811 2612 2817 2617; x_wconf 39' lang='grc'><em>“</em></span> 
     </span>
    </p>
   </div>
   <div class='ocr_carea' id='block_1_5' title="bbox 432 2712 2626 4096">
    <p class='ocr_par' dir='ltr' id='par_1_5' title="bbox 432 2712 2626 4096">
     <span class='ocr_line' id='line_1_24' title="bbox 454 2712 2625 2799; baseline 0.001 -22"><span class='ocrx_word' id='word_1_197' title='bbox 454 2716 747 2798; x_wconf 72' lang='grc' dir='ltr'><strong>διέπρεπε</strong></span> <span class='ocrx_word' id='word_1_198' title='bbox 811 2717 1080 2797; x_wconf 87' lang='grc' dir='ltr'><strong><em>Γοργίας</em></strong></span> <span class='ocrx_word' id='word_1_199' title='bbox 1144 2712 1173 2780; x_wconf 83' lang='grc' dir='ltr'><em>ὃ</em></span> <span class='ocrx_word' id='word_1_200' title='bbox 1228 2724 1566 2792; x_wconf 72' lang='grc' dir='ltr'><strong><em>Λεοντῖνος</em></strong></span> <span class='ocrx_word' id='word_1_201' title='bbox 1635 2715 1957 2789; x_wconf 79' lang='grc' dir='ltr'><strong><em>Φιλολάου</em></strong></span> <span class='ocrx_word' id='word_1_202' title='bbox 2017 2718 2128 2780; x_wconf 85' lang='grc' dir='ltr'><strong>καί·</strong></span> <span class='ocrx_word' id='word_1_203' title='bbox 2188 2713 2625 2799; x_wconf 70' lang='grc' dir='ltr'><strong><em>Πρωταγόρας</em></strong></span> 
     </span>
     <span class='ocr_line' id='line_1_25' title="bbox 445 2822 2626 2911; baseline -0.001 -21"><span class='ocrx_word' id='word_1_204' title='bbox 445 2828 845 2907; x_wconf 83' lang='grc' dir='ltr'><strong><em>Δημοκρίτου</em></strong></span> <span class='ocrx_word' id='word_1_205' title='bbox 875 2852 892 2868; x_wconf 87' lang='grc'><em>·</em></span> <span class='ocrx_word' id='word_1_206' title='bbox 975 2829 1049 2911; x_wconf 78' lang='grc' dir='ltr'><strong><em>τῇ</em></strong></span> <span class='ocrx_word' id='word_1_207' title='bbox 1093 2829 1163 2888; x_wconf 79' lang='grc' dir='ltr'><strong>δὲ</strong></span> <span class='ocrx_word' id='word_1_208' title='bbox 1206 2827 1402 2911; x_wconf 75' lang='grc' dir='ltr'><strong><em>σοφίᾳ</em></strong></span> <span class='ocrx_word' id='word_1_209' title='bbox 1465 2829 1762 2889; x_wconf 77' lang='grc' dir='ltr'><strong><em>τοσοῦτον</em></strong></span> <span class='ocrx_word' id='word_1_210' title='bbox 1804 2827 2116 2890; x_wconf 68' lang='grc' dir='ltr'><strong><em>ἐλείποντο</em></strong></span> <span class='ocrx_word' id='word_1_211' title='bbox 2174 2822 2323 2888; x_wconf 77' lang='grc' dir='ltr'><strong><em>ὅσον</em></strong></span> <span class='ocrx_word' id='word_1_212' title='bbox 2381 2827 2626 2905; x_wconf 66' lang='grc' dir='ltr'><strong><em>ἀνδρῶν</em></strong></span> 
     </span>
     <span class='ocr_line' id='line_1_26' title="bbox 444 2930 2626 3016; baseline 0 -23"><span class='ocrx_word' id='word_1_213' title='bbox 444 2932 687 3004; x_wconf 79' lang='grc' dir='ltr'><strong>παῖδες.</strong></span> <span class='ocrx_word' id='word_1_214' title='bbox 774 2930 934 2995; x_wconf 81' lang='grc' dir='ltr'><strong><em>ἔοικε</em></strong></span> <span class='ocrx_word' id='word_1_215' title='bbox 993 2934 1128 3015; x_wconf 73' lang='grc' dir='ltr'><strong><em>γάρ,</em></strong></span> <span class='ocrx_word' id='word_1_216' title='bbox 1171 2959 1302 3008; x_wconf 82' lang='grc' dir='ltr'><strong>πως</strong></span> <span class='ocrx_word' id='word_1_217' title='bbox 1358 2930 1393 3015; x_wconf 75' lang='grc' dir='ltr'><em>ἦ</em></span> <span class='ocrx_word' id='word_1_218' title='bbox 1453 2934 1607 3011; x_wconf 73' lang='grc' dir='ltr'><strong>δόξα</strong></span> <span class='ocrx_word' id='word_1_219' title='bbox 1661 2933 1749 3014; x_wconf 70' lang='grc' dir='ltr'><strong>μή</strong></span> <span class='ocrx_word' id='word_1_220' title='bbox 1812 2934 1978 2999; x_wconf 76' lang='grc' dir='ltr'><strong><em>πάνυ</em></strong></span> <span class='ocrx_word' id='word_1_221' title='bbox 2040 2959 2101 2999; x_wconf 89' lang='grc' dir='ltr'><strong><em>τι</em></strong></span> <span class='ocrx_word' id='word_1_222' title='bbox 2154 2935 2407 3016; x_wconf 80' lang='grc' dir='ltr'><strong><em>α’κριβὲς</em></strong></span> <span class='ocrx_word' id='word_1_223' title='bbox 2466 2931 2626 3015; x_wconf 75' lang='grc' dir='ltr'><strong><em>μήτε</em></strong></span> 
     </span>
     <span class='ocr_line' id='line_1_27' title="bbox 445 3036 2616 3127; baseline 0.002 -28"><span class='ocrx_word' id='word_1_224' title='bbox 445 3038 600 3119; x_wconf 69' lang='grc' dir='ltr'><strong>ὁρᾶν</strong></span> <span class='ocrx_word' id='word_1_225' title='bbox 639 3036 796 3122; x_wconf 71' lang='grc' dir='ltr'><strong><em>μήτε</em></strong></span> <span class='ocrx_word' id='word_1_226' title='bbox 842 3037 1114 3103; x_wconf 75' lang='grc' dir='ltr'><strong><em>ἀκούειν·</em></strong></span> <span class='ocrx_word' id='word_1_227' title='bbox 1197 3038 1378 3103; x_wconf 70' lang='grc' dir='ltr'><strong><em>ἔνθεν</em></strong></span> <span class='ocrx_word' id='word_1_228' title='bbox 1418 3064 1513 3106; x_wconf 87' lang='grc' dir='ltr'><strong><em>τοι</em></strong></span> <span class='ocrx_word' id='word_1_229' title='bbox 1551 3039 1894 3118; x_wconf 71' lang='grc' dir='ltr'><strong><em>καὶπολλὰ</em></strong></span> <span class='ocrx_word' id='word_1_230' title='bbox 1940 3046 2324 3127; x_wconf 74' lang='grc' dir='ltr'><strong><em>σφάλλεται,</em></strong></span> <span class='ocrx_word' id='word_1_231' title='bbox 2389 3041 2499 3104; x_wconf 80' lang='grc' dir='ltr'><strong><em>καί</em></strong></span> <span class='ocrx_word' id='word_1_232' title='bbox 2537 3038 2616 3104; x_wconf 76' lang='grc' dir='ltr'><strong><em>τοὶ</em></strong></span> 
     </span>
     <span class='ocr_line' id='line_1_28' title="bbox 438 3145 2618 3231; baseline 0.001 -21"><span class='ocrx_word' id='word_1_233' title='bbox 438 3148 559 3224; x_wconf 76' lang='grc' dir='ltr'><strong>μὲν</strong></span> <span class='ocrx_word' id='word_1_234' title='bbox 603 3145 1124 3227; x_wconf 81' lang='grc' dir='ltr'><strong><em>καταχαρίζεται,</em></strong></span> <span class='ocrx_word' id='word_1_235' title='bbox 1183 3148 1257 3212; x_wconf 80' lang='grc' dir='ltr'><strong><em>τὰ</em></strong></span> <span class='ocrx_word' id='word_1_236' title='bbox 1305 3151 1374 3213; x_wconf 80' lang='grc' dir='ltr'><strong>δὲ</strong></span> <span class='ocrx_word' id='word_1_237' title='bbox 1420 3152 1745 3228; x_wconf 66' lang='grc' dir='ltr'><strong><em>ψεύδεται.</em></strong></span> <span class='ocrx_word' id='word_1_238' title='bbox 1827 3153 2041 3216; x_wconf 83' lang='lat' dir='ltr'><strong>Vulteii</strong></span> <span class='ocrx_word' id='word_1_239' title='bbox 2101 3169 2311 3227; x_wconf 83' lang='lat' dir='ltr'><strong>error,</strong></span> <span class='ocrx_word' id='word_1_240' title='bbox 2375 3153 2473 3231; x_wconf 86' lang='lat' dir='ltr'><strong>qui</strong></span> <span class='ocrx_word' id='word_1_241' title='bbox 2540 3169 2618 3212; x_wconf 82' lang='lat' dir='ltr'><strong>ex</strong></span> 
     </span>
     <span class='ocr_line' id='line_1_29' title="bbox 440 3250 2615 3340; baseline 0.004 -29"><span class='ocrx_word' id='word_1_242' title='bbox 440 3251 559 3312; x_wconf 79' lang='lat' dir='ltr'><strong>hoc</strong></span> <span class='ocrx_word' id='word_1_243' title='bbox 601 3250 740 3313; x_wconf 89' lang='lat' dir='ltr'><strong>loco</strong></span> <span class='ocrx_word' id='word_1_244' title='bbox 784 3252 1049 3334; x_wconf 85' lang='lat' dir='ltr'><strong>Gorgiae</strong></span> <span class='ocrx_word' id='word_1_245' title='bbox 1090 3262 1317 3333; x_wconf 88' lang='lat' dir='ltr'><strong>patrem</strong></span> <span class='ocrx_word' id='word_1_246' title='bbox 1360 3255 1683 3319; x_wconf 86' lang='lat' dir='ltr'><strong>Philolaum</strong></span> <span class='ocrx_word' id='word_1_247' title='bbox 1726 3265 1786 3319; x_wconf 92' lang='lat' dir='ltr'><strong>et</strong></span> <span class='ocrx_word' id='word_1_248' title='bbox 1816 3259 2182 3340; x_wconf 86' lang='lat' dir='ltr'><strong>Protagorae</strong></span> <span class='ocrx_word' id='word_1_249' title='bbox 2211 3260 2615 3322; x_wconf 78' lang='lat' dir='ltr'><strong>Democritum</strong></span> 
     </span>
     <span class='ocr_line' id='line_1_30' title="bbox 441 3359 2617 3448; baseline 0.002 -28"><span class='ocrx_word' id='word_1_250' title='bbox 441 3359 630 3421; x_wconf 82' lang='lat' dir='ltr'><strong>fuisse</strong></span> <span class='ocrx_word' id='word_1_251' title='bbox 676 3359 961 3445; x_wconf 76' lang='lat' dir='ltr'><strong>collegit,</strong></span> <span class='ocrx_word' id='word_1_252' title='bbox 1014 3379 1348 3442; x_wconf 85' lang='lat' dir='ltr'><strong>quanquam</strong></span> <span class='ocrx_word' id='word_1_253' title='bbox 1394 3382 1469 3425; x_wconf 88' lang='lat' dir='ltr'><strong>eo</strong></span> <span class='ocrx_word' id='word_1_254' title='bbox 1528 3381 1597 3427; x_wconf 90' lang='lat' dir='ltr'><strong>sc</strong></span> <span class='ocrx_word' id='word_1_255' title='bbox 1642 3365 2047 3446; x_wconf 85' lang='lat' dir='ltr'><strong>decipi-passi</strong></span> <span class='ocrx_word' id='word_1_256' title='bbox 2089 3374 2226 3428; x_wconf 82' lang='lat' dir='ltr'><strong>sant</strong></span> <span class='ocrx_word' id='word_1_257' title='bbox 2274 3369 2448 3429; x_wconf 89' lang='lat' dir='ltr'><strong>etiam</strong></span> <span class='ocrx_word' id='word_1_258' title='bbox 2494 3368 2617 3448; x_wconf 86' lang='lat' dir='ltr'><strong>alii,</strong></span> 
     </span>
     <span class='ocr_line' id='line_1_31' title="bbox 445 3461 2621 3555; baseline 0.003 -26"><span class='ocrx_word' id='word_1_259' title='bbox 445 3474 563 3531; x_wconf 89' lang='lat' dir='ltr'><strong>tam</strong></span> <span class='ocrx_word' id='word_1_260' title='bbox 608 3470 841 3550; x_wconf 85' lang='lat' dir='ltr'><strong>ineptus</strong></span> <span class='ocrx_word' id='word_1_261' title='bbox 886 3477 1019 3548; x_wconf 91' lang='lat' dir='ltr'><strong>est,</strong></span> <span class='ocrx_word' id='word_1_262' title='bbox 1076 3477 1139 3532; x_wconf 88' lang='lat' dir='ltr'><strong>ut</strong></span> <span class='ocrx_word' id='word_1_263' title='bbox 1182 3461 1355 3552; x_wconf 84' lang='lat' dir='ltr'><strong>quem</strong></span> <span class='ocrx_word' id='word_1_264' title='bbox 1399 3473 1475 3535; x_wconf 86' lang='lat' dir='ltr'><strong>de</strong></span> <span class='ocrx_word' id='word_1_265' title='bbox 1516 3474 1881 3555; x_wconf 82' lang='lat' dir='ltr'><strong>Protagorae</strong></span> <span class='ocrx_word' id='word_1_266' title='bbox 1924 3481 2093 3554; x_wconf 87' lang='lat' dir='ltr'><strong>patre</strong></span> <span class='ocrx_word' id='word_1_267' title='bbox 2138 3475 2450 3552; x_wconf 70' lang='lat' dir='ltr'><strong>disserens¹</strong></span> <span class='ocrx_word' id='word_1_268' title='bbox 2487 3494 2621 3536; x_wconf 89' lang='lat' dir='ltr'><strong>me-</strong></span> 
     </span>
     <span class='ocr_line' id='line_1_32' title="bbox 441 3578 2619 3665; baseline 0.004 -29"><span class='ocrx_word' id='word_1_269' title='bbox 441 3593 738 3639; x_wconf 88' lang='lat' dir='ltr'><strong>morarem</strong></span> <span class='ocrx_word' id='word_1_270' title='bbox 784 3578 1025 3659; x_wconf 90' lang='lat' dir='ltr'><strong>dignum</strong></span> <span class='ocrx_word' id='word_1_271' title='bbox 1074 3596 1197 3640; x_wconf 91' lang='lat' dir='ltr'><strong>non</strong></span> <span class='ocrx_word' id='word_1_272' title='bbox 1248 3580 1551 3643; x_wconf 83' lang='lat' dir='ltr'><strong>haberem.</strong></span> <span class='ocrx_word' id='word_1_273' title='bbox 1638 3582 1754 3645; x_wconf 90' lang='lat' dir='ltr'><strong>Sed</strong></span> <span class='ocrx_word' id='word_1_274' title='bbox 1807 3584 2063 3662; x_wconf 84' lang='lat' dir='ltr'><strong>suerunt,</strong></span> <span class='ocrx_word' id='word_1_275' title='bbox 2106 3587 2205 3665; x_wconf 91' lang='lat' dir='ltr'><strong>qui</strong></span> <span class='ocrx_word' id='word_1_276' title='bbox 2234 3586 2619 3665; x_wconf 85' lang='lat' dir='ltr'><strong>Protagoram</strong></span> 
     </span>
     <span class='ocr_line' id='line_1_33' title="bbox 439 3669 2615 3771; baseline 0.005 -26"><span class='ocrx_word' id='word_1_277' title='bbox 439 3690 503 3746; x_wconf 87' lang='lat' dir='ltr'><strong>et</strong></span> <span class='ocrx_word' id='word_1_278' title='bbox 541 3685 825 3766; x_wconf 88' lang='lat' dir='ltr'><strong>Gorgiam</strong></span> <span class='ocrx_word' id='word_1_279' title='bbox 882 3669 1210 3767; x_wconf 82' lang='lat' dir='ltr'><strong>discipulos</strong></span> <span class='ocrx_word' id='word_1_280' title='bbox 1270 3691 1490 3769; x_wconf 80' lang='lat' dir='ltr'><strong>opponi</strong></span> <span class='ocrx_word' id='word_1_281' title='bbox 1550 3693 1851 3771; x_wconf 87' lang='lat' dir='ltr'><strong>magistris</strong></span> <span class='ocrx_word' id='word_1_282' title='bbox 1911 3692 2228 3756; x_wconf 82' lang='lat' dir='ltr'><strong>crederent</strong></span> <span class='ocrx_word' id='word_1_283' title='bbox 2270 3695 2615 3756; x_wconf 86' lang='lat' dir='ltr'><strong>Democrito</strong></span> 
     </span>
     <span class='ocr_line' id='line_1_34' title="bbox 437 3791 2613 3883; baseline 0.006 -31"><span class='ocrx_word' id='word_1_284' title='bbox 437 3798 499 3853; x_wconf 83' lang='lat' dir='ltr'><strong>et</strong></span> <span class='ocrx_word' id='word_1_285' title='bbox 552 3791 838 3855; x_wconf 84' lang='lat' dir='ltr'><strong>Philolao.</strong></span> <span class='ocrx_word' id='word_1_286' title='bbox 925 3791 1092 3867; x_wconf 85' lang='lat' dir='ltr'><strong>Quae</strong></span> <span class='ocrx_word' id='word_1_287' title='bbox 1154 3799 1450 3877; x_wconf 86' lang='lat' dir='ltr'><strong>oppositio</strong></span> <span class='ocrx_word' id='word_1_288' title='bbox 1510 3798 1671 3860; x_wconf 88' lang='lat' dir='ltr'><strong>bona</strong></span> <span class='ocrx_word' id='word_1_289' title='bbox 1735 3818 1885 3861; x_wconf 89' lang='lat' dir='ltr'><strong>sane</strong></span> <span class='ocrx_word' id='word_1_290' title='bbox 1931 3818 2004 3863; x_wconf 91' lang='lat' dir='ltr'><strong>ac</strong></span> <span class='ocrx_word' id='word_1_291' title='bbox 2059 3803 2372 3864; x_wconf 86' lang='lat' dir='ltr'><strong>commoda</strong></span> <span class='ocrx_word' id='word_1_292' title='bbox 2429 3811 2613 3883; x_wconf 87' lang='lat' dir='ltr'><strong>esset,</strong></span> 
     </span>
     <span class='ocr_line' id='line_1_35' title="bbox 436 3900 2612 3993; baseline 0.006 -32"><span class='ocrx_word' id='word_1_293' title='bbox 436 3900 755 3962; x_wconf 90' lang='lat' dir='ltr'><strong>dummodo</strong></span> <span class='ocrx_word' id='word_1_294' title='bbox 799 3900 1011 3964; x_wconf 87' lang='lat' dir='ltr'><strong>eadem</strong></span> <span class='ocrx_word' id='word_1_295' title='bbox 1052 3922 1217 3967; x_wconf 89' lang='lat' dir='ltr'><strong>vera.</strong></span> <span class='ocrx_word' id='word_1_296' title='bbox 1303 3904 1625 3968; x_wconf 86' lang='lat' dir='ltr'><strong>Philolaum</strong></span> <span class='ocrx_word' id='word_1_297' title='bbox 1669 3910 1825 3970; x_wconf 90' lang='lat' dir='ltr'><strong>enim</strong></span> <span class='ocrx_word' id='word_1_298' title='bbox 1871 3927 1992 3970; x_wconf 92' lang='lat' dir='ltr'><strong>non</strong></span> <span class='ocrx_word' id='word_1_299' title='bbox 2036 3910 2222 3972; x_wconf 85' lang='lat' dir='ltr'><strong>fuisse</strong></span> <span class='ocrx_word' id='word_1_300' title='bbox 2265 3911 2326 3973; x_wconf 90' lang='lat' dir='ltr'><strong>in</strong></span> <span class='ocrx_word' id='word_1_301' title='bbox 2347 3911 2612 3993; x_wconf 89' lang='lat' dir='ltr'><strong>Gorgiae</strong></span> 
     </span>
     <span class='ocr_line' id='line_1_36' title="bbox 432 4009 2607 4096; baseline 0.005 -25"><span class='ocrx_word' id='word_1_302' title='bbox 432 4009 802 4072; x_wconf 83' lang='lat' dir='ltr'><strong>auditoribus</strong></span> <span class='ocrx_word' id='word_1_303' title='bbox 853 4018 1088 4074; x_wconf 88' lang='lat' dir='ltr'><strong>constat</strong></span> <span class='ocrx_word' id='word_1_304' title='bbox 1113 4014 1216 4091; x_wconf 86' lang='lat'><strong>*):</strong></span> <span class='ocrx_word' id='word_1_305' title='bbox 1253 4014 1330 4075; x_wconf 88' lang='lat' dir='ltr'><strong>de</strong></span> <span class='ocrx_word' id='word_1_306' title='bbox 1372 4015 1700 4096; x_wconf 83' lang='lat' dir='ltr'><strong>Protagora</strong></span> <span class='ocrx_word' id='word_1_307' title='bbox 1746 4024 1808 4079; x_wconf 87' lang='lat' dir='ltr'><strong>et</strong></span> <span class='ocrx_word' id='word_1_308' title='bbox 1853 4019 2194 4080; x_wconf 85' lang='lat' dir='ltr'><strong>Democrito</strong></span> <span class='ocrx_word' id='word_1_309' title='bbox 2234 4018 2450 4081; x_wconf 90' lang='lat' dir='ltr'><strong>dictum</strong></span> <span class='ocrx_word' id='word_1_310' title='bbox 2494 4027 2607 4083; x_wconf 88' lang='lat' dir='ltr'><strong>est.</strong></span> 
     </span>
    </p>
   </div>
   <div class='ocr_carea' id='block_1_6' title="bbox 424 4185 2604 4402">
    <p class='ocr_par' dir='ltr' id='par_1_6' title="bbox 424 4185 2604 4402">
     <span class='ocr_line' id='line_1_37' title="bbox 586 4185 2603 4262; baseline 0.006 -28"><span class='ocrx_word' id='word_1_311' title='bbox 586 4185 655 4250; x_wconf 71' lang='lat'><strong>*)</strong></span> <span class='ocrx_word' id='word_1_312' title='bbox 700 4185 811 4237; x_wconf 90' lang='lat' dir='ltr'><strong>Vid.</strong></span> <span class='ocrx_word' id='word_1_313' title='bbox 876 4187 1169 4239; x_wconf 85' lang='lat' dir='ltr'><strong>Bocckhius</strong></span> <span class='ocrx_word' id='word_1_314' title='bbox 1232 4187 1347 4240; x_wconf 89' lang='lat' dir='ltr'><strong>libri</strong></span> <span class='ocrx_word' id='word_1_315' title='bbox 1409 4189 1474 4241; x_wconf 86' lang='lat' dir='ltr'><strong>de</strong></span> <span class='ocrx_word' id='word_1_316' title='bbox 1525 4190 1744 4243; x_wconf 84' lang='lat' dir='ltr'><strong>Philolai</strong></span> <span class='ocrx_word' id='word_1_317' title='bbox 1800 4192 2001 4259; x_wconf 85' lang='lat' dir='ltr'><strong>placitis</strong></span> <span class='ocrx_word' id='word_1_318' title='bbox 2059 4196 2334 4262; x_wconf 85' lang='lat' dir='ltr'><strong>conscripti</strong></span> <span class='ocrx_word' id='word_1_319' title='bbox 2400 4212 2452 4262; x_wconf 86' lang='lat' dir='ltr'><strong>p.</strong></span> <span class='ocrx_word' id='word_1_320' title='bbox 2505 4194 2603 4247; x_wconf 66' lang='lat' dir='ltr'><strong>ij:</strong></span> 
     </span>
     <span class='ocr_line' id='line_1_38' title="bbox 429 4251 2604 4331; baseline 0.004 -26"><span class='ocrx_word' id='word_1_321' title='bbox 429 4251 876 4324; x_wconf 78' lang='lat' dir='ltr'><strong>„Nichtswardige</strong></span> <span class='ocrx_word' id='word_1_322' title='bbox 912 4258 1163 4327; x_wconf 82' lang='lat' dir='ltr'><strong>Angaben</strong></span> <span class='ocrx_word' id='word_1_323' title='bbox 1210 4260 1338 4331; x_wconf 66' lang='lat' dir='ltr'><strong>iiber</strong></span> <span class='ocrx_word' id='word_1_324' title='bbox 1388 4261 1651 4314; x_wconf 74' lang='lat' dir='ltr'><strong>Philolaus</strong></span> <span class='ocrx_word' id='word_1_325' title='bbox 1700 4263 1828 4324; x_wconf 89' lang='lat' dir='ltr'><strong>(und</strong></span> <span class='ocrx_word' id='word_1_326' title='bbox 1866 4264 2037 4330; x_wconf 78' lang='lat' dir='ltr'><strong>Lysis)</strong></span> <span class='ocrx_word' id='word_1_327' title='bbox 2090 4265 2202 4316; x_wconf 87' lang='lat' dir='ltr'><strong>sind</strong></span> <span class='ocrx_word' id='word_1_328' title='bbox 2249 4265 2385 4317; x_wconf 83' lang='lat' dir='ltr'><strong>noch</strong></span> <span class='ocrx_word' id='word_1_329' title='bbox 2431 4260 2604 4316; x_wconf 84' lang='lat' dir='ltr'><strong>diese:</strong></span> 
     </span>
     <span class='ocr_line' id='line_1_39' title="bbox 424 4324 2602 4402; baseline 0.004 -24"><span class='ocrx_word' id='word_1_330' title='bbox 424 4324 684 4381; x_wconf 80' lang='lat' dir='ltr'><strong>Philolaus</strong></span> <span class='ocrx_word' id='word_1_331' title='bbox 720 4329 806 4383; x_wconf 76' lang='lat' dir='ltr'><strong>sci</strong></span> <span class='ocrx_word' id='word_1_332' title='bbox 841 4328 931 4381; x_wconf 85' lang='lat' dir='ltr'><strong>der</strong></span> <span class='ocrx_word' id='word_1_333' title='bbox 966 4328 1159 4384; x_wconf 81' lang='lat' dir='ltr'><strong>Lchrer</strong></span> <span class='ocrx_word' id='word_1_334' title='bbox 1195 4330 1286 4383; x_wconf 85' lang='lat' dir='ltr'><strong>des</strong></span> <span class='ocrx_word' id='word_1_335' title='bbox 1325 4330 1539 4401; x_wconf 71' lang='lat' dir='ltr'><strong>Gorgias</strong></span> <span class='ocrx_word' id='word_1_336' title='bbox 1581 4348 1861 4402; x_wconf 80' lang='lat' dir='ltr'><strong>gewescn3</strong></span> <span class='ocrx_word' id='word_1_337' title='bbox 1915 4335 2171 4390; x_wconf 82' lang='lat' dir='ltr'><strong>wic-man</strong></span> <span class='ocrx_word' id='word_1_338' title='bbox 2212 4353 2303 4390; x_wconf 85' lang='lat' dir='ltr'><strong>aus</strong></span> <span class='ocrx_word' id='word_1_339' title='bbox 2338 4336 2467 4400; x_wconf 87' lang='lat' dir='ltr'><strong>den,</strong></span> <span class='ocrx_word' id='word_1_340' title='bbox 2520 4335 2602 4388; x_wconf 78' lang='lat' dir='ltr'><strong>al-</strong></span> 
     </span>
    </p>
   </div>
  </div>
 </body>
</html>
