2975 4959
1287 274 1778 342 ...22-

447 466 553 547 n’y
606 482 681 525 en
733 480 774 525 a
822 462 1015 542 point.
1107 448 1432 530 Evanthles
1510 464 1713 540 [immo
1775 460 2051 543 Euathlo]
2116 460 2288 523 selon
2346 460 2635 540 Aristote‚

447 590 525 635 ou
568 571 926 653 Pythodoro,
963 569 1054 632 fils
1097 570 1172 633 de
1215 569 1490 652 Polyzele
1515 616 1533 648 ,
1581 569 1753 631 selon
1797 568 2097 645 d’autres,
2139 567 2415 645 denonca
2461 567 2617 629 Pro-

446 686 662 763 tagore
707 698 783 742 au
824 678 1083 742 tribunal
1129 678 1238 742 des
1292 683 1786 760 quatre-cents,
1846 682 1907 738 et
1963 676 2190 739 intenta
2257 682 2466 738 contre
2529 674 2611 737 lui

431 805 550 850 une
612 789 815 850 action
874 785 1194 868 d’impiete.
1282 787 1364 849 Ce
1426 786 1737 867 sophiste,
1798 785 1875 847 de
1941 787 2194 852 crainte,
2217 785 2295 847 de
2335 784 2506 847 boire
2548 780 2606 845 la

436 897 614 978 cigue
641 942 660 975 ,
721 913 954 959 comme
994 898 1049 958 ie
1092 895 1178 958 dit
1217 895 1427 957 Timon
1469 893 1547 956 de
1588 893 1842 956 Phliasie
1864 939 1884 972 ,
1944 893 2061 974 prit
2114 892 2172 982 ia
2229 892 2374 954 suite
2424 897 2486 953 et
2535 909 2606 954 se

428 1006 610 1067 retira
655 1023 734 1067 en
772 1005 989 1083 Sicile;
1038 1006 1191 1066 mais
1237 1003 1279 1066 il
1316 1003 1470 1084 perit
1513 1020 1589 1064 en
1636 1000 1872 1064 chemin
1910 1019 2062 1063 avec
2100 1002 2161 1064 le
2201 1003 2480 1064 vaisseau
2504 999 2604 1081 qui

428 1112 486 1175 le
532 1114 804 1194 portait.“
849 1151 933 1163 -
978 1114 1214 1175 Deinde
1257 1111 1470 1174 multus
1516 1118 1612 1173 est
1650 1110 2008 1192 Menagium,
2050 1112 2151 1191 qui
2194 1110 2606 1192 quadringen-

429 1227 529 1284 tos
576 1221 691 1285 sibi
736 1223 981 1303 ignotos
1023 1238 1162 1284 esse
1209 1221 1527 1283 confessus
1569 1226 1679 1298 est,
1720 1205 1988 1283 edocens
2016 1220 2115 1300 qui
2146 1217 2401 1284 fuerint:
2441 1235 2600 1280 anno

428 1331 572 1391 411.
615 1347 730 1392 eos
769 1331 981 1392 iniisse
1026 1329 1408 1407 dominatum,
1450 1329 1598 1392 410.
1644 1329 1916 1391 deiectos
1961 1346 2120 1391 esse.
2160 1366 2243 1378 —
2285 1328 2403 1408 „La
2448 1345 2604 1389 con-

430 1435 774 1500 damnation
815 1438 892 1499 de
950 1437 1008 1500 la
1056 1455 1358 1518 personne
1421 1443 1481 1500 et
1542 1436 1622 1498 du
1671 1436 1823 1500 livre
1881 1437 1958 1499 de
2005 1437 2336 1518 Protagore
2399 1454 2506 1516 par
2545 1437 2604 1498 le

427 1545 685 1608 tribunal
733 1546 843 1608 des
885 1552 1331 1626 quatre-cents
1385 1552 1478 1608 est
1519 1545 1680 1641 donc
1727 1544 1804 1607 de
1851 1546 1970 1608 l’an
2012 1545 2129 1606 411
2178 1561 2258 1606 ou
2305 1544 2384 1606 du
2428 1562 2603 1605 corn-

425 1660 808 1716 mencement
849 1654 925 1715 de
963 1652 1083 1716 l'an
1128 1650 1289 1732 410,
1348 1656 1600 1734 puisque
1644 1637 1718 1715 ce
1759 1651 2014 1716 tribunal
2052 1652 2149 1713 n’a
2194 1670 2302 1772 pas
2341 1652 2602 1715 subsiste

424 1760 555 1843 plus
599 1761 990 1844 long-temps
995 1768 1027 1803 “

591 1870 760 1944 Quae
803 1870 1235 1933 demonstratio
1277 1870 1725 1950 speciosissima
1769 1869 1946 1932 valde
1986 1870 2277 1931 arridebit
2317 1869 2432 1945 iis,
2498 1869 2599 1948 qui

423 1976 487 2039 in
529 1976 758 2041 Fr'ereti
795 1978 984 2041 verba
1026 1978 1225 2039 iurare
1268 1976 1472 2040 velint.
1555 1978 1620 2041 Si
1663 1977 1796 2057 quis
1837 1993 1988 2039 vero
2031 1978 2366 2057 Diogenem
2410 1976 2603 2038 Laer-

424 2086 570 2148 tium
615 2069 944 2163 evomerit,
1007 2085 1164 2166 apud
1205 2103 1340 2148 eum
1381 2086 1640 2148 inveniri
1683 2102 1807 2148 non
1851 2101 2035 2166 posse
2056 2130 2075 2163 ,
2123 2083 2284 2164 quod
2323 2085 2603 2146 Freretus

427 2193 735 2257 invenisse
759 2194 875 2258 sibi
920 2193 1175 2273 videtur,
1217 2195 1474 2257 maxime
1516 2194 1570 2257 is
1616 2194 1861 2258 dolebit.
1946 2195 2256 2276 Diogenes
2301 2194 2456 2255 enim
2497 2192 2601 2255 lib.

425 2302 527 2365 IX.
571 2309 632 2377 s.
672 2302 770 2365 54.
856 2303 1297 2383 Pythodorum,
1341 2321 1528 2364 unum
1574 2320 1655 2363 em
1693 2302 2174 2382 quadrimanus,
2233 2302 2602 2383 Protagorae

426 2415 840 2472 accusatorem
893 2409 1080 2471 fuisse
1147 2410 1367 2491 tradit,
1442 2426 1566 2471 non
1625 2426 1775 2471 vero
1838 2410 2224 2491 Protagoram
2284 2427 2321 2472 a
2376 2410 2602 2504 Pytho-.-

424 2515 578 2580 doro
634 2517 803 2597 apud
843 2518 1310 2599 quadr-inqentos
1351 2535 1520 2581 reum
1563 2516 1782 2580 factum
1841 2535 1997 2580 esse.
2086 2519 2199 2593 Qui
2249 2518 2602 2582 manifestus

421 2633 518 2690 est
558 2644 750 2690 error.
836 2627 981 2689 Cum
1029 2626 1187 2688 enim
1233 2627 1526 2709 Diogenis
1570 2627 1757 2689 verba
1799 2626 1954 2690 haec
1996 2630 2141 2690 sint:
2184 2625 2602 2711 Κατηγόρησε

424 2735 498 2798 δὲ
540 2732 745 2798 αὐτοῦ
765 2733 1170 2816 Πυθόδωρος
1206 2732 1591 2818 Πολυζήλου
1635 2726 1728 2810 εἷς
1767 2737 1894 2798 ταῖν
1933 2735 2368 2815 τετρακοσίων·
2406 2736 2602 2816 ’.Αρι-

423 2842 715 2924 στοτέλης
781 2845 852 2914 δὲ
894 2835 1193 2905 Εὔαθλόν
1236 2835 1471 2926 φησινε
1538 2844 1848 2920 Freretum
1885 2860 1994 2924 pro
2037 2836 2121 2907 εἷ
2129 2866 2160 2916 ς
2206 2843 2432 2925 legisse
2486 2844 2603 2917 εἰς

430 2934 714 3031 apparet‚
754 2951 817 3013 id
853 2950 1051 3032 quod,
1096 2967 1228 3012 cum
1273 2950 1448 3014 facile
1494 2953 1773 3015 accidere
1818 2954 2077 3034 potuerit
2121 2952 2378 3014 celerius
2418 2950 2603 3014 verba

422 3059 822 3140 percurrenti·,
866 3060 1089 3122 accidit
1130 3060 1307 3122 etiam
1355 3060 1650 3142 Diogenis
1689 3061 2017 3142 interpreti,
2061 3063 2184 3143 qui,
2224 3068 2288 3123 ut
2325 3061 2603 3124 Freretus

425 3184 540 3248 „au
584 3167 846 3231 tribunal
889 3168 999 3231 des
1042 3175 1528 3250 quatre-cents“‚
1568 3170 1779 3233 Latine
1822 3172 1997 3233 vertit
2035 3171 2148 3251 „ad
2187 3170 2603 3252 quadringen-

424 3282 557 3339 ῑοε(ς
584 3322 604 3356 ,
649 3277 820 3356 quasi
862 3277 1019 3357 apud
1060 3277 1397 3360 Diogenem
1439 3267 1605 3341 esset
1652 3274 2040 3360 κατηγόρησε
2091 3278 2161 3339 δὲ
2205 3276 2412 3340 αὐτοῦ
2450 3280 2605 3339 Πυ-

420 3382 710 3466 θόδωρος
752 3377 1137 3467 Πολυζῆλου
1200 3386 1323 3459 εἰς
1379 3386 1506 3449 τῶν
1562 3390 1995 3468 τετρακοσίων.
2099 3386 2175 3448 Ut
2234 3385 2392 3448 haud
2450 3384 2605 3447 male

425 3491 719 3555 coniicias
742 3538 761 3571 ‚
805 3509 929 3554 non
970 3492 1098 3572 ipsa
1142 3493 1436 3574 Diogenis
1482 3493 1670 3555 verba
1711 3493 2015 3556 Freretum
2062 3494 2438 3574 inspexisse,
2494 3493 2606 3556 sed

420 3616 502 3662 ex
543 3600 1036 3681 interpretatione
1077 3600 1286 3663 Latina
1345 3601 1508 3664 hunc
1552 3601 1753 3663 locum
1815 3602 1893 3664 ad
1953 3601 2367 3683 disputandum
2424 3602 2605 3665 adhi-

320 3785 324 3792 Ι
424 3706 652 3770 buisse.
734 3708 923 3772 Maius
970 3716 1167 3772 autem
1208 3709 1531 3772 intercedit
1573 3710 1896 3773 discrimen
1937 3711 2094 3773 inter
2132 3708 2421 3794 Diogenis
2463 3728 2607 3773 sen..

424 3815 673 3878 tentiam
720 3821 781 3878 et
808 3818 1355 3898 interpretationem
1375 3815 1858 3898 Ambrosianam,
1899 3833 2075 3901 quam
2113 3819 2304 3901 primo
2355 3827 2606 3901 aspectu

428 3922 696 3986 fortasse
736 3924 1027 3988 videatur.
1076 3927 1224 3990 Nam
1253 3926 1308 3989 si
1343 3945 1413 3990 re
1441 3945 1590 3992 vera
1623 3928 1777 4009 apud
1800 3928 2269 4010 quadringentos
2314 3935 2605 4010 tyrannos

427 4031 790 4114 Protagoras
855 4041 1172 4097 accusatus
1235 4042 1440 4114 esset,
1503 4036 1623 4099 hoc
1674 4054 1801 4099 non
1843 4038 2137 4119 potuisset
2177 4038 2292 4099 nisi
2338 4038 2453 4100 illis
2496 4056 2607 4100 re-

427 4140 788 4222 gnantibus:
833 4148 900 4205 ut
940 4147 1207 4223 tempus,
1253 4161 1371 4226 quo
1417 4143 1686 4225 sophista
1727 4145 1936 4208 vivere
1980 4144 2284 4227 desiisset,
2325 4147 2386 4208 in
2426 4163 2605 4214 ‚com-

432 4254 604 4330 perto
669 4249 1046 4313 haberemus,
1165 4251 1309 4314 Cum
1373 4270 1523 4316 vcro
1589 4253 1963 4335 Pythodorus
2032 4254 2600 4337 quadringentorum

351 4412 360 4422 .
431 4375 682 4422 numero
726 4358 914 4422 semel
957 4361 1250 4443 ascriptus
1270 4362 1449 4426 etiam
1478 4369 1616 4443 post
1649 4360 1901 4430 solutum
1925 4362 2156 4428 illorum
2178 4363 2488 4445 imperium
2509 4354 2602 4437 εἷς
