2975 4959
1262 312 1368 345 1—-
1481 278 1618 352 124
1718 317 1811 330 —

460 467 742 550 χαλεπὸν
783 466 968 533 ἐσλὸν
1011 465 1296 548 ἔμμεναι.
1386 470 1562 550 Quod
1610 467 1991 544 Simonides,
2027 450 2249 547 inquit,
2299 472 2361 529 ut
2401 472 2647 528 everte-
2710 464 2718 471 ’

448 585 585 656 ret,
631 596 875 641 carmen
936 577 1012 640 de
1055 595 1173 658 quo
1220 577 1419 658 agitur
1476 576 1849 657 composuit:
1915 566 2293 639 intellexerat
2338 574 2539 649 enirn,
2582 575 2636 635 si

447 688 582 765 viri,
628 686 728 767 qui
773 693 891 749 tam
932 686 1174 766 sapiens
1222 685 1500 762 serretur,
1540 684 1897 748 sententiam
1943 683 2152 747 falsam
2199 699 2338 749 esse
2378 681 2636 744 demon·-

453 802 726 872 strasset,
771 795 1063 875 seipsum
1108 793 1425 856 maximam
1465 792 1702 855 laudem
1745 799 2175 854 assecuturum.
2258 791 2454 870 Atque
2495 807 2635 852 esse

450 922 522 968 re
560 894 711 965 verri
754 904 1038 966 carminis
1082 920 1215 965 eam
1257 920 1433 983 quam
1494 901 1619 964 dixi
1676 902 2011 978 rationem,
2073 897 2325 981 singulis
2380 898 2636 961 demon-

453 1012 679 1076 strabo.
763 1011 886 1074 lam
943 1012 1075 1091 ipso
1135 1011 1305 1073 initio
1362 1027 1484 1072 non
1532 1008 1649 1072 aiio
1704 1007 1958 1071 consilio
2006 1006 2211 1087 primis
2253 1007 2457 1069 verbis
2517 1009 2634 1084 μέν

450 1121 842 1201 interponere
881 1119 1089 1199 potuit,
1139 1136 1314 1199 quam
1354 1124 1420 1180 ut
1447 1117 1654 1180 Pittaci
1702 1116 1922 1179 dictum
1967 1132 2080 1177 suo
2126 1115 2460 1195 oppositum
2494 1129 2636 1179 esse

449 1229 770 1290 indicaret.
815 1227 1123 1307 Nunquam
1143 1226 1302 1288 enim
1345 1227 1462 1304 μέν
1508 1223 1794 1305 particula
1814 1222 1889 1284 ad
1920 1240 2095 1285 unam
2123 1227 2344 1283 tantum
2374 1221 2631 1301 pertinet

462 1337 862 1409 sententiam,
917 1334 1025 1397 sed
1083 1352 1320 1415 semper
1363 1340 1464 1396 aut
1505 1333 1699 1414 planis
1741 1330 1944 1392 verbis
1992 1336 2092 1393 aut
2134 1329 2501 1411 cogitatione
2541 1329 2637 1391 al-

449 1452 587 1506 tera
629 1450 723 1504 est
767 1445 1057 1523 opposita.
1139 1442 1226 1504 lta
1270 1442 1386 1503 hoc
1429 1442 1571 1503 loco
1616 1422 1754 1503 cum
1792 1439 2049 1501 Pittacus
2093 1440 2398 1501 statuisset
2436 1441 2629 1516 χαλε-

445 1549 566 1613 πᾶν
606 1548 789 1614 ἐσλόν
831 1547 1136 1629 ἔμμεναι,
1181 1547 1524 1613 Simonides
1568 1546 1920 1627 respondit:
1964 1545 2150 1607 Immo
2190 1538 2328 1625 fieri
2367 1544 2629 1624 quidem,

451 1657 747 1736 γενέσθαι
807 1659 970 1734 μέν,
1028 1657 1217 1717 virum
1265 1654 1485 1747 bonum
1545 1654 1786 1717 difficile
1843 1659 1936 1715 est
1992 1671 2061 1715 re
2106 1670 2296 1730 vera,
2349 1644 2629 1732 χαλεπὸν

451 1765 767 1838 ἀλαθέως,
808 1779 930 1824 non
975 1781 1122 1826 vero
1165 1782 1320 1842 esse,
1365 1762 1654 1841 ἔμμεναι.
1738 1762 1824 1824 lta
1869 1769 1930 1823 et
1969 1762 2090 1840 μέν
2131 1779 2243 1824 suo
2282 1761 2422 1822 loco
2460 1757 2634 1840 posi-

450 1879 570 1934 tum
604 1877 783 1934 estet
811 1871 1122 1954 ἀλαθέως,
1164 1871 1329 1954 quod
1351 1889 1503 1934 cave
1526 1889 1604 1933 ne
1628 1871 1960 1952 coniungas
2004 1888 2138 1932 cum
2168 1865 2434 1950 ἀγαθόν,
2479 1883 2636 1947 qua-

448 1981 500 2042 si
543 1979 642 2041 aiii
682 1966 902 2059 essent⁴
928 1979 1203 2043 homines
1240 1998 1387 2042 vere
1426 1980 1572 2041 boni
1601 2025 1619 2055 ‚
1675 1978 1777 2042 aiii
1830 1979 1973 2041 boni
2014 1977 2287 2060 quidem,
2347 1976 2457 2039 sed
2504 1992 2628 2037 non

449 2088 647 2150 eidem
691 2106 835 2150 vere
877 2087 1063 2150 boni:
1135 2088 1195 2150 id
1259 2089 1419 2150 enim
1463 2092 1630 2149 esset
1673 2089 1934 2167 ineptum
1995 2104 2110 2148 nec
2166 2084 2474 2150 Simonide
2527 2083 2629 2146 di-

445 2215 648 2278 gnum.
694 2233 776 2246 --·
830 2197 1027 2276 Atque
1082 2197 1326 2259 omnino
1372 2190 1567 2258 ineam
1623 2197 1677 2257 si
1728 2195 2036 2276 ampiexus
2078 2196 2202 2257 eris
2242 2193 2623 2268 sententiam,

449 2309 649 2368 omnia
696 2307 916 2386 optime
973 2322 1313 2386 congruere
1366 2304 1624 2366 videbis.
1707 2304 1827 2367 Sed
1886 2322 2019 2366 cum
2082 2302 2313 2384 singula
2357 2319 2629 2382 quaeque

447 2429 622 2492 quam
669 2413 972 2493 aptissime
1003 2428 1074 2474 se
1114 2411 1376 2474 habeant
1419 2411 1835 2474 demonstrare
1874 2411 2117 2492 longum
2156 2412 2254 2487 sit,
2294 2410 2630 2472 sententia-

447 2537 579 2581 rum
626 2536 843 2580 nexum
888 2538 960 2581 ac
1000 2501 1271 2581 tenorem
1310 2520 1519 2599 paucis
1560 2534 1876 2599 exponam.
1958 2517 2063 2581 Eis
2103 2518 2282 2599 igitur
2326 2532 2481 2598 quae
2522 2533 2631 2578 se·-

448 2634 706 2706 quuntur
749 2625 989 2689 difficile
1031 2622 1268 2707 quidem
1316 2628 1399 2689 ait
1440 2627 1630 2688 virum
1670 2627 1801 2689 fieri
1846 2625 2103 2688 bonum:
2168 2631 2341 2706 potes
2387 2624 2625 2705 quidem

444 2735 598 2814 fleri,
638 2735 748 2797 sed
793 2736 854 2797 in
895 2738 1082 2797 breve
1128 2741 1349 2797 tantum
1396 2736 1997 2816 temporis-spatium.
2083 2733 2276 2807 Quum
2320 2751 2470 2796 vero
2512 2749 2625 2794 se·-

450 2827 597 2906 mei'
627 2843 825 2906 factus
871 2844 993 2905 eris
1051 2842 1283 2922 bonus,
1340 2843 1403 2904 in
1468 2842 1586 2905 hac
1641 2842 1990 2905 conditione
2044 2858 2400 2922 permanere
2462 2847 2638 2920 atque

448 2968 590 3012 esse
629 2950 852 3013 honum
898 2968 1020 3013 non
1061 2951 1322 3015 hominis
1365 2957 1457 3012 est
1497 2950 1610 3012 sed
1652 2950 1935 3015 deorum:
2000 2942 2203 3032 ἄνδρα
2248 2950 2312 3012 δ’
2349 2947 2464 3011 οὔκ
2495 2945 2627 3011 ἔστι

448 3053 537 3137 μὴ
607 3058 684 3119 οὔ
747 3054 943 3120 κακὸν
993 3055 1310 3137 ἔμμεναι,
1381 3054 1451 3119 ὃν
1494 3051 1571 3119 ὃν
1624 3053 1955 3138 ἀμήχανος
2007 3055 2312 3141 συμφορὰ
2375 3060 2633 3142 καθέλῃοἱ

450 3165 642 3238 Quem
688 3183 836 3227 vero
883 3169 1190 3246 καθαιρεῖ·
1222 3164 1550 3245 ἀμήχανος
1594 3162 1950 3246 συμφοράῖ
2032 3166 2106 3228 Ut
2157 3184 2280 3228 non
2327 3166 2427 3246 qui
2469 3167 2627 3228 iacet

448 3273 744 3353 deficitur,
790 3274 899 3336 sed
943 3273 1043 3354 qui
1086 3279 1204 3336 stat
1251 3311 1338 3323 -
1382 3273 1481 3354 qui
1526 3274 1684 3334 enim
1728 3274 1909 3350 iacet,
1944 3274 1994 3336 is
2039 3274 2155 3335 iam
2202 3273 2380 3337 deiici
2421 3275 2661 3353 nequit2

452 3410 567 3453 -‚--:
610 3383 692 3445 ita
741 3378 1067 3463 ἀμήχανος
1105 3382 1237 3445 fieri
1283 3400 1406 3445 non
1450 3388 1653 3462 potest
1701 3383 1817 3444 nisi
1865 3383 1963 3462 qui
2006 3383 2361 3466 εύμήχανος
2406 3382 2532 3460 suit,
2566 3388 2630 3450 ut

442 3497 628 3573 poeta
672 3489 911 3572 quidam
961 3490 1144 3553 fecit:
1385 3556 1395 3572 ‚

511 3602 523 3612 ‘
615 3594 847 3679 Αότὰρ
894 3593 1054 3680 ἀνήρ
1100 3592 1345 3677 ἀγαθὸς
1388 3596 1526 3658 τότε
1567 3597 1685 3673 μὲν
1722 3595 1929 3673 κακός,
1974 3587 2195 3658 ἄλλοτε
2240 3597 2303 3657 δ’
2342 3591 2588 3668 ἐσθλός.

452 3704 617 3781 (vid.
680 3703 960 3790 Xenoph.
1021 3703 1269 3768 Memor.
1330 3703 1430 3765 tib.
1475 3701 1525 3767 1.
1559 3710 1701 3783 cap.
1745 3702 1817 3767 11.
1882 3712 1938 3780 §.
1987 3702 2155 3779 200:
2217 3702 2375 3765 malo
2437 3709 2634 3765 autem

448 3811 581 3874 fieri
627 3813 744 3874 iam
786 3831 907 3874 non
947 3812 1129 3889 lieet,
1194 3813 1331 3892 quia
1373 3811 1491 3873 iam
1532 3811 1725 3874 malus
1766 3817 1875 3873 est.
1957 3810 2163 3875 Bonus
2204 3810 2385 3893 igitur
2426 3817 2489 3873 et
2527 3827 2635 3873 sa-

450 3919 624 4001 piens
665 3919 760 3981 vir
800 3937 920 3982 non
968 3925 1168 3999 potest
1209 3936 1331 3982 non
1375 3920 1504 3982 fieri
1550 3920 1763 3999 malim,
1804 3916 2063 3983 ἐπειδὰν
2107 3913 2437 4000 ἀμήχανος
2471 3942 2633 3997 nvp..

452 4022 626 4112 φορὰ
670 4027 928 4113 καθέλῃ.
1012 4027 1099 4089 Tu
1143 4027 1380 4109 quidem
1408 4073 1427 4105 ‚
1472 4044 1510 4090 o
1555 4028 1802 4107 Pittace‚
1843 4027 2085 4090 difficile
2130 4026 2284 4090 dicis
2332 4044 2471 4090 esse
2519 4028 2648 4090 bo·-

450 4151 635 4201 num:
687 4133 867 4195 immo
904 4134 1043 4212 fieri
1083 4143 1176 4198 est
1220 4134 1500 4214 difficile,
1553 4153 1694 4198 esse
1733 4152 1880 4196 vero
1922 4136 2116 4198 bonus
2158 4137 2402 4198 omnino
2448 4134 2640 4197 nuilus

457 4242 643 4305 homo
684 4248 900 4321 potest.
992 4242 1262 4323 Πράξας
1303 4234 1433 4323 μὲν
1465 4239 1586 4324 γάρ
1633 4234 1707 4304 εὖ
1749 4243 1870 4315 πᾶς
1913 4239 2073 4323 α’νὴρ
2116 4239 2396 4324 ἀγαθός,
2450 4238 2639 4316 κακὸς

460 4352 516 4412 δ’
562 4351 623 4412 εἰ
660 4351 882 4429 κακῶς.
924 4352 986 4417 si
1015 4353 1271 4432 quisvel
1315 4351 1596 4431 temporis
1641 4343 1956 4430 spatio‘vcl
2002 4351 2211 4420 morbo
2264 4349 2461 4431 aliquo
2508 4349 2639 4430 sive
