2975 4959
1207 243 1749 312 -153-

392 423 689 499 versalem
729 426 971 487 tractari
1024 424 1110 498 ait
1152 426 1332 487 etiam
1380 425 1778 498 Quintilianus
1817 426 1955 489 loco
1998 426 2297 490 simillimo
2345 431 2452 491 lib:
2496 430 2567 493 ll.

394 551 527 613 cap.
569 532 664 599 lv.
707 539 767 608 S.
815 535 932 594 2⁴2:
977 533 1371 610 „Coimnunes
1408 534 1530 596 loci
1570 568 1658 585 --
1701 535 1777 596 de
1820 535 1894 597 iis
1934 534 2171 615 loquor,
2218 539 2434 617 quibus
2474 542 2570 600 ci-

387 648 479 705 tra
523 658 819 721 perseum
857 643 921 703 in
963 643 1090 722 ipsa
1133 644 1277 705 vitia
1323 644 1508 704 moris
1550 650 1644 705 est
1682 659 1993 724 perorare,
2032 651 2097 706 ut
2122 643 2187 706 in
2211 646 2572 721 adulterum,

387 750 716 812 aleatorem
744 797 761 829 ‚
799 751 1163 828 pendentem
1206 788 1288 801 --
1327 769 1405 814 ex
1440 753 1657 814 mediis
1704 736 1844 819 sunt
1879 753 2156 831 iudiciis,
2201 761 2263 816 et
2304 756 2356 816 si
2399 768 2567 816 reum

387 859 679 939 adiicias,
718 860 1172 936 accusatione83
1222 874 1554 941 quanquam
1599 860 1698 923 hic
1745 878 1983 941 quoque
2025 862 2101 924 ab
2149 861 2253 924 illo
2298 862 2570 943 generali

385 971 641 1030 tractatu
701 967 778 1028 ad
839 967 1126 1049 quasdam
1192 969 1408 1030 deduci
1475 970 1715 1049 species
1771 968 2011 1047 solent,
2070 974 2135 1032 ut
2197 971 2250 1032 si
2314 978 2571 1051 ponatur

387 1073 623 1137 adulter
664 1092 905 1152 caecus,
938 1076 1179 1138 aleator-
1210 1094 1474 1156 pauper,
1510 1077 1793 1156 pendam
1834 1094 2063 1156 senem3
2104 1076 2327 1139 habent
2371 1085 2568 1140 autem

386 1200 810 1262 nonnunquam
855 1186 1033 1246 otiam
1090 1184 1545 1247 defensionem:
1610 1204 1748 1247 nam
1794 1192 1855 1247 et
1891 1202 2013 1264 pro
2051 1182 2307 1247 luaeuria
2351 1193 2411 1248 et
2445 1205 2570 1266 pro

384 1308 593 1352 amore
647 1291 899 1353 dicineus
927 1338 946 1370 ‚
1014 1300 1074 1354 et
1116 1294 1248 1355 leno
1288 1296 1524 1356 interim
1565 1294 2003 1375 parasitusque
2047 1278 2390 1358 defenditur
2451 1297 2566 1372 sic,

387 1405 452 1461 ut
499 1415 620 1461 non
666 1398 890 1483 homini
932 1403 1377 1480 patrocinemur
1419 1402 1529 1463 sed
1576 1402 1865 1464 crimini.“
1949 1401 2026 1464 Et
2065 1402 2169 1464 lib.
2216 1402 2287 1465 ll.
2334 1403 2563 1483 capel.

386 1515 451 1584 s.
504 1512 613 1571 11:
679 1510 846 1587 „Non
914 1529 1262 1574 communes
1302 1512 1463 1588 loci,
1510 1513 1640 1573 sive
1696 1514 1796 1592 qui
1860 1517 1998 1574 sunt
2042 1513 2102 1573 in
2143 1514 2281 1575 vitia
2335 1513 2569 1593 directi,

392 1617 599 1698 quales
643 1617 894 1700 legimus
929 1638 961 1682 a
994 1620 1291 1682 Cicerone
1337 1622 1725 1701 compositos,
1774 1638 1882 1682 seu
1927 1622 2141 1701 quibus
2183 1625 2572 1703 quaestiones

384 1727 750 1808 generaliter
790 1735 1136 1806 tractantur,
1179 1723 1385 1808 quale's
1416 1734 1570 1791 sunt
1612 1727 1755 1823 editi
1801 1747 1835 1790 a
1881 1730 2101 1803 Quinto
2143 1747 2382 1810 quoque
2407 1730 2570 1792 Hor-

386 1836 581 1897 tensio
608 1878 630 1911 ,
695 1843 758 1897 ut
789 1859 805 1897 ε
882 1837 1037 1897 sitne
1099 1837 1320 1915 parvis
1395 1837 1762 1916 aryumentis
1832 1838 2191 1900 credendum
2215 1889 2233 1921 ‚
2312 1845 2374 1900 et
2441 1857 2567 1918 pro

385 1942 633 2004 testibus
697 1951 758 2006 et
815 1945 880 2005 in
937 1951 1114 2005 testes
1178 1981 1262 1993 -—
1328 1946 1389 2005 in
1453 1944 1667 2006 mediis
1726 1945 1909 2006 litium
1972 1944 2247 2007 medullis
2307 1964 2568 2008 versan-

384 2053 523 2113 tur?
604 2053 786 2115 Arma
828 2032 1162 2115 sunt‘haec
1212 2053 1655 2135 quodammodo
1703 2054 2114 2133 praeparanda
2160 2071 2438 2134 semper,
2502 2061 2576 2116 ut
2694 2117 2700 2125 ,

385 2162 505 2238 iis,
552 2180 684 2223 cum
730 2180 829 2224 res
868 2169 1120 2241 poscet,
1164 2168 1391 2223 utare.“
1449 2200 1530 2214 —-
1610 2162 1782 2224 Unde
1827 2168 2116 2243 apparet,
2170 2161 2344 2224 locos
2393 2180 2572 2224 corn-

386 2286 596 2333 munes
642 2270 793 2332 tales
839 2288 1019 2348 esse,
1064 2271 1277 2352 quibus
1317 2277 1730 2351 argumentum
1773 2271 2016 2350 aliquod
2057 2270 2397 2333 universale
2440 2277 2564 2332 tra-

390 2386 604 2458 otetur,
651 2382 782 2442 sivo
830 2380 1019 2442 virtus
1057 2380 1351 2460 quaedam
1395 2380 1709 2457 laudetur,
1748 2381 1880 2442 sive
1927 2381 2130 2442 vitium
2178 2387 2279 2443 aut
2324 2380 2564 2460 vitupe-

387 2495 554 2551 retur
597 2495 701 2550 aut
746 2488 1136 2564 defendatur,
1195 2489 1273 2549 ita
1315 2488 1596 2569 quidem,
1653 2495 1717 2550 ut
1772 2505 1897 2549 non
1945 2488 2022 2550 de
2082 2494 2247 2563 certa
2311 2487 2566 2569 quadam

389 2613 651 2676 persona
690 2604 938 2679 agatur,
1000 2597 1108 2658 sed
1151 2597 1226 2658 de
1270 2598 1401 2676 ipso
1446 2604 1547 2658 aut
1593 2597 1737 2657 vitio
1779 2603 1881 2658 aut
1926 2598 2181 2674 virtute3
2242 2597 2373 2658 sive
2414 2614 2568 2658 sen-

387 2706 597 2783 tentia,
639 2707 842 2787 quales
886 2706 1153 2768 thesibus
1197 2706 1494 2767 contineri
1535 2704 1808 2783 vidimus,
1853 2705 2158 2786 generalis
2207 2711 2561 2786 exponatur.

358 2813 532 2876 Eius
573 2817 817 2893 generis
859 2821 997 2876 sunt
1041 2815 1306 2875 suavitas
1349 2816 1508 2875 vitae
1534 2816 1809 2894 agrestiS‚
1853 2813 2228 2894 tyrannidem
2273 2830 2393 2875 non
2423 2828 2566 2874 esse

385 2922 715 3001 ferendam,
755 2930 1005 2984 mortem
1050 2940 1175 2984 non
1221 2938 1360 2984 esse
1402 2921 1636 2982 malum.
1723 2921 1885 2983 Talia
1927 2922 1984 2983 si
2026 2922 2160 3002 quis
2187 2928 2304 2984 aut
2343 2922 2564 3001 scripta

392 3037 494 3092 aut
535 3038 733 3092 mente
775 3038 983 3112 parata
1008 3030 1267 3106 tenebat,
1312 3030 1646 3092 occasione
1682 3028 1818 3090 data
1843 3031 1908 3090 in
1935 3029 2136 3097 causis
2178 3038 2414 3109 semper
2453 3028 2570 3091 illis

395 3142 476 3202 uti
497 3147 769 3220 poterat:
817 3157 954 3201 nam
979 3139 1363 3220 generalibus
1380 3137 1622 3221 singula
1639 3138 2062 3200 continentur:
2110 3144 2399 3219 erantque
2420 3150 2570 3200 sane

395 3267 559 3310 arma
601 3247 813 3328 quibus
851 3248 1103 3327 aliquiS‚
1149 3264 1281 3308 cum
1324 3264 1424 3339 res
1468 3252 1784 3327 posceret,
1832 3262 2053 3328 magno
2099 3264 2233 3308 cum
2280 3246 2569 3313 successu

394 3364 707 3442 pugnaret.
795 3357 964 3419 Conf.
990 3357 1213 3430 Quint.
1250 3355 1351 3417 lib.
1394 3356 1463 3417 V.
1508 3374 1638 3436 cap.
1683 3354 1833 3418 Xlll.
1882 3363 1941 3430 §-
1987 3355 2086 3417 29.

558 3465 758 3530 Paullo
809 3465 1111 3546 copiosius
1156 3471 1331 3544 atque
1374 3472 1640 3528 veterum
1681 3466 1834 3528 locis
1884 3464 2201 3545 exscriptis
2247 3465 2403 3528 hanc
2440 3484 2598 3544 rem*

400 3579 823 3653 tractavimuS‚
881 3575 1017 3655 quia
1076 3573 1221 3653 ipsis
1271 3556 1628 3653 scriptorum
1688 3573 1889 3637 verbis
1944 3574 2136 3637 Geelii
2189 3575 2574 3654 Herbstiique

395 3687 731 3747 sententiae
771 3683 1139 3746 refellendae
1178 3689 1349 3745 erant
1391 3684 1799 3763 pravissimae.
1860 3683 2122 3756 Quorum
2169 3684 2270 3745 ille
2310 3701 2447 3766 pag.
2473 3685 2573 3747 72.
2649 3668 2652 3673 ’

393 3793 762 3874 Protagorae
824 3811 1021 3855 rerum
1087 3791 1398 3854 illustrium
1458 3791 1892 3871 disputationes
1920 3837 1939 3870 ,
2005 3808 2352 3855 communes
2413 3791 2581 3869 loci,

391 3902 756 3982 singularum
782 3918 977 3962 rerum
1021 3899 1230 3962 laudes
1272 3901 1877 3981 vituperationesque,
1919 3899 2058 3981 quid
2101 3900 2260 3963 aliud
2304 3904 2423 3963 sint
2469 3904 2573 3964 in·-

395 4015 666 4090 terrogat
713 4005 822 4070 nisi
886 4009 1132 4071 Coracis
1192 4009 1509 4088 Tisiaeque
1568 4010 1664 4071 via
1724 4017 1785 4070 et
1852 4027 1984 4072 ars:
2045 4009 2357 4074 Herbstius
2421 4028 2579 4074 vero

394 4118 735 4192 Quintiliani
799 4116 969 4179 locos
1030 4118 1145 4179 duo
1210 4117 1399 4179 oculis
1446 4117 1661 4178 leviter
1714 4135 2075 4197 percurrens
2134 4136 2265 4180 cum
2320 4119 2572 4199 legisset

398 4225 615 4307 aliquid
651 4228 725 4287 de
770 4225 1065 4304 multiplici
1111 4226 1455 4286 diversitate
1499 4243 1611 4304 qua
1658 4227 2030 4289 variarentur
2073 4228 2367 4308 personis,
2409 4233 2569 4289 tem-

400 4335 668 4421 poribuS,
713 4333 899 4413 lociS,
945 4334 1139 4417 dictis,
1187 4334 1362 4396 sactis
1408 4350 1746 4413 causae,
1794 4352 1915 4400 non
1965 4336 2284 4414 theses,
2328 4351 2577 4417 causaS,
