2975 4959
1272 312 1759 377 -20-

320 545 324 551 .
444 500 667 561 tionem
717 516 882 560 suam
941 515 1012 558 ea
1060 511 1128 559 se
1187 506 1456 563 secutum
1523 515 1661 560 esse
1728 498 1812 559 ait
1874 494 2096 557 indicia
2126 540 2144 570 ‚
2210 493 2423 574 quibus
2464 493 2616 555 Pro-

447 615 701 690 tagorae
768 612 1022 669 aetatem
1080 608 1141 668 in
1204 614 1472 689 tempora
1533 623 1686 687 quae
1744 609 1952 684 posset
2001 602 2410 682 antiquissima
2465 602 2616 663 reii-

447 722 636 795 ceret,
683 714 851 777 cuius
894 714 1144 777 rationis
1185 732 1428 778 causam
1469 714 1599 795 ipse
1629 713 1854 776 indicat
1880 710 2076 792 paullo
2105 709 2260 772 infra
2303 708 2380 770 de
2426 708 2615 770 altera

446 825 584 904 via,
655 837 769 904 qua
814 822 1201 906 Protagoram
1267 841 1425 886 anno
1468 823 1611 886 410.
1671 827 1969 883 mortuum
2025 835 2162 881 esse
2202 818 2616 880 demonstrare

445 939 702 1006 conatus
730 937 841 1010 est,
883 930 1001 995 boc
1029 948 1322 995 monens:
1368 932 1571 1011 „Cette
1605 927 2059 992 determination
2099 923 2416 989 s’accorde
2462 940 2616 986 avec

441 1038 502 1102 la
541 1038 683 1102 date
726 1039 1030 1119 proposee
1083 1038 1377 1116 d'abord‚
1432 1045 1496 1101 et
1542 1037 1692 1099 dans
1734 1037 2028 1099 l’examen
2078 1034 2155 1097 de
2195 1032 2449 1113 laquelle
2488 1032 2613 1113 J’a-

440 1150 573 1212 vais
609 1150 761 1210 suivi
803 1148 860 1210 la
901 1147 1202 1225 methode,
1245 1150 1343 1228 qui
1382 1148 1626 1227 pouvait
1671 1146 1821 1209 faire
1860 1151 2165 1208 remonter
2204 1142 2261 1205 le
2300 1142 2430 1223 plus
2471 1141 2615 1204 haut

438 1257 718 1336 l’epoque
767 1256 842 1318 de
887 1255 944 1318 la
985 1263 1143 1319 mort
1188 1256 1264 1319 de
1305 1256 1670 1336 Protagore‚
1733 1256 1769 1317 a
1829 1254 2032 1341 finnde
2074 1253 2281 1315 traiter
2321 1251 2608 1331 l'opinion

435 1382 553 1445 que
587 1364 655 1445 je
700 1365 1053 1427 combattais
1092 1382 1243 1427 avec
1283 1363 1341 1425 le
1382 1363 1515 1445 plus
1563 1362 1640 1425 de
1685 1363 1895 1425 faveur
1939 1361 2080 1442 qu'il
2107 1360 2252 1423 etait
2285 1358 2614 1441 possible.“'

439 1474 608 1547 Quae
651 1480 714 1536 ut
759 1473 1166 1555 intelligantur
1223 1473 1655 1535 advertendum
1701 1479 1830 1551 est,
1898 1473 2126 1534 Frereti
2191 1470 2269 1533 de
2309 1470 2611 1551 Protago-

433 1599 543 1644 rae
587 1581 951 1662 temporibus
998 1582 1413 1663 quaestionem
1463 1599 1586 1644 non
1652 1598 1792 1643 esse
1836 1597 1944 1643 sua
1986 1580 2170 1660 ipsius
2214 1595 2398 1640 causa
2450 1594 2609 1639 con-

437 1691 760 1771 scriptam,
838 1690 947 1753 sed
1011 1707 1163 1771 „une
1223 1691 1528 1754 addition“
1589 1690 1807 1752 maiori
1872 1687 2209 1769 quaestioni
2270 1686 2610 1748 adiunctam

432 1815 572 1879 „sur
616 1798 706 1859 les
747 1815 963 1860 causes
1007 1806 1069 1860 et
1110 1816 1213 1860 sur
1259 1797 1545 1879 quelques
1596 1800 2049 1875 circonstances
2092 1795 2170 1857 de
2213 1794 2272 1857 la
2313 1794 2609 1858 condam-

430 1908 640 1968 nation
679 1907 754 1967 de
797 1907 1082 1970 Socrate“
1135 1907 1209 1967 ab
1258 1907 1473 1968 eodem
1521 1906 1843 1967 institutae.
1929 1905 2058 1977 Qua
2105 1920 2238 1965 cum
2279 1893 2401 1964 hoc
2444 1909 2602 1984 agat,

434 2020 501 2076 ut
541 2022 795 2077 mortem
841 2016 1106 2078 Socratis
1147 2032 1271 2077 non
1322 2015 1465 2077 odio
1530 2021 1594 2076 et
1652 2014 1915 2076 invidiae
1968 2013 2367 2093 sophistarum
2408 2013 2603 2092 impu-

428 2122 668 2185 tandam
711 2141 848 2184 esse
898 2123 1144 2203 probet,
1215 2122 1326 2185 sed
1373 2123 1885 2200 AtheniensibuS,
1943 2123 2042 2203 qui
2086 2127 2223 2203 post
2267 2122 2601 2183 restitutum

427 2230 771 2312 popularem
798 2232 888 2291 rei
915 2232 1190 2312 publicae
1221 2238 1434 2295 statum
1482 2235 1820 2308 metuerim,
1861 2249 1940 2293 ne
1986 2231 2427 2312 oligarchorum
2454 2248 2601 2310 par-

427 2338 585 2401 tibus
644 2339 819 2400 nimis
880 2339 978 2400 ille
1035 2340 1301 2419 faveret,
1366 2358 1620 2422 eumque
1680 2340 2141 2402 condemnatum
2204 2356 2341 2401 esse
2397 2338 2601 2400 verbis

429 2446 668 2527 quidem
731 2453 792 2509 ut
852 2446 1151 2510 hominem
1212 2451 1451 2528 impium
1510 2452 1904 2528 iuvenumque
1967 2448 2462 2527 depravatorem,
2528 2464 2599 2508 re

427 2562 624 2617 autem
667 2561 730 2615 ut
771 2560 1157 2634 tyrannorum
1202 2558 1453 2618 amicum
1499 2563 1561 2617 et
1606 2556 1823 2618 Critiae
1864 2557 2244 2635 magistrumz
2302 2572 2480 2615 unum
2521 2571 2600 2615 ex

429 2663 840 2745 argumentiS‚
899 2663 1111 2744 quibus
1155 2664 1310 2725 hanc
1354 2666 1707 2726 sententiam
1750 2664 2106 2728 confirmare
2151 2663 2416 2742 studuit,
2479 2662 2599 2724 hoc

428 2778 564 2835 est:
627 2772 775 2832 Sunt
829 2770 932 2851 qui
987 2771 1452 2851 Aristophanem
1510 2771 1713 2834 dicant
1766 2791 1801 2834 a
1844 2771 2061 2833 Meleto
2104 2772 2423 2851 Anytoque
2487 2786 2598 2832 so-

426 2881 752 2963 phistarum
825 2877 1033 2941 amicis
1094 2880 1347 2959 pecunia
1419 2886 1760 2960 corruptum
1796 2881 1888 2941 ·in
1952 2879 2220 2942 Nubibus
2286 2880 2597 2944 Socratem

426 2996 492 3051 ut
560 2986 863 3049 hominem
924 2986 1147 3048 civitati
1191 2987 1765 3067 perniciosissimum
1837 2988 1899 3049 in
1961 3005 2205 3049 scenam
2270 2985 2598 3065 induxisse,

426 3112 545 3177 quo
590 3095 850 3157 omnium
905 3093 1065 3157 odiis
1110 3094 1537 3159 'subiiceretun
1626 3098 1815 3170 Quam
1877 3098 2232 3160 sententiam
2280 3096 2425 3158 ferri
2470 3113 2593 3159 non

424 3220 609 3285 posse
657 3201 833 3265 facile
878 3209 1137 3282 apparet.
1223 3202 1473 3266 Meletus
1518 3181 1675 3266 enim
1718 3206 1891 3266 annis
1934 3201 2076 3268 424.
2122 3211 2183 3267 et
2221 3201 2343 3267 423
2377 3249 2397 3281 ,
2461 3222 2595 3266 cum

429 3310 633 3375 Nubes
692 3309 1059 3388 docebatur,
1115 3327 1267 3391 puer
1310 3316 1459 3372 erat.
1543 3312 1775 3392 Anytus
1820 3328 2005 3394 vero,
2058 3330 2234 3393 quum
2296 3310 2600 3395 dialogum

434 3419 711 3482 Menonis
777 3418 1022 3499 nomine
1083 3416 1429 3499 inscriptum
1487 3437 1619 3481 cum
1681 3420 1932 3482 Socrate
1997 3420 2299 3501 habebat,
2373 3422 2600 3484 amicus

441 3533 572 3590 erat
611 3527 918 3604 SocratiS,
979 3523 1377 3607 sophistarum
1420 3543 1569 3588 vero
1610 3527 1886 3590 inimicus
1930 3527 2371 3591 infestissimus.
2457 3527 2604 3591 Col-

441 3638 686 3715 oquium
733 3633 877 3697 illud
930 3632 1233 3714 aliquanto
1272 3640 1407 3714 post
1444 3634 1811 3716 Protagorae
1852 3643 2102 3698 mortem
2160 3635 2378 3699 factum
2420 3636 2604 3718 fingi-

435 3751 549 3805 tur.
635 3743 997 3824 Protagoras
1035 3758 1182 3804 vero
1224 3760 1335 3819 „au
1377 3742 1598 3823 plutot“
1641 3760 1799 3805 anno
1840 3750 2105 3807 mortuus
2153 3751 2246 3807 est
2285 3739 2431 3825 410,
2470 3751 2615 3826 post⁴

435 3851 639 3913 Nubes
683 3855 876 3911 actam
908 3851 1188 3912 mininum
1238 3852 1417 3912 tertio
1463 3851 1700 3913 decimo
1741 3850 1840 3914 vel
1885 3857 2098 3932 quarto
2144 3852 2398 3915 decimo.
2485 3854 2606 3934 „Ce

439 3960 540 4041 qui
583 3963 855 4034 mentre,
914 3973 1033 4036 que
1076 3958 1133 4019 la
1178 3960 1604 4020 conversation
1649 3964 1743 4020 est
1780 3959 2153 4039 posterieure
2198 3958 2273 4022 de
2320 3969 2607 4041 quatorze

438 4086 547 4131 ans
593 4085 675 4148 ᾳα
717 4065 911 4127 moins
959 4067 993 4126 a
1035 4064 1092 4127 la
1133 4068 1409 4129 comedie
1470 4068 1578 4129 des
1617 4068 1816 4130 Nuees
1858 4067 2341 4147 d’Aristophane‚
2386 4077 2447 4131 et
2490 4070 2608 4131 de-

437 4177 581 4238 truit
625 4174 1002 4237 absolument
1042 4173 1098 4235 le
1125 4173 1654 4253 systemed'Elien
1694 4180 1756 4234 et
1783 4175 1934 4237 celui
1978 4175 2054 4235 de
2076 4176 2613 4257 DiogeneLaerce,

435 4284 686 4365 puisque
734 4281 1141 4364 long-temps
1189 4283 1364 4361 apres
1408 4288 1567 4342 cette
1611 4281 1888 4343 comedie
1930 4284 2162 4364 Anytus
2207 4285 2351 4347 etait
2388 4300 2612 4346 encore

428 4412 511 4457 en
579 4394 782 4457 bonne
818 4435 825 4442 -
864 4393 1257 4476 intelligence.
1310 4408 1459 4453 avec
1535 4392 1856 4455 Socrate.“
1899 4453 1910 4459 ,
1993 4392 2218 4468 Quibus
2290 4411 2366 4455 ex
2434 4392 2618 4456 rebus
