2975 4959
1214 307 1373 339 .--
1487 276 1626 345 128
1732 308 1823 323 -

459 460 754 525 videntur.
790 464 811 512 ‘-
842 463 1003 525 Nam,
1048 461 1100 523 is
1155 462 1392 544 quidem
1437 479 1559 527 non
1621 466 1700 525 ita
1760 464 2130 545 potissimum
2192 462 2639 544 grammaticam

459 569 831 634 auditoribus
868 571 996 633 suis
1035 570 1333 649 tradebat,
1378 577 1440 634 ut
1481 573 1730 634 iuvenes
1772 575 2109 654 praeceptis
2158 573 2271 635 illis
2318 572 2640 653 puerilibus

460 680 798 758 imbueret,
863 677 974 744 sed
1035 697 1112 742 eo
1157 680 1413 743 consilio
1457 680 1646 742 virum
1690 679 1984 743 eruditum
2042 679 2187 762 περὶ
2227 683 2394 743 ἐπῶν
2436 677 2645 742 δεινὸν

463 806 603 850 esse
645 789 1056 851 necessarium
1103 783 1400 865 ducebat,
1459 795 1523 851 ut
1549 835 1569 867 ‚
1629 807 1762 851 cum
1820 790 2066 851 omnino
2110 790 2305 851 civem
2361 789 2524 851 omni
2567 805 2646 849 ex

458 902 635 976 parte
694 895 991 958 excultum
1062 896 1310 958 deceret
1370 896 1514 975 quid
1579 915 1727 959 suae
1790 898 1992 978 gentis
2044 898 2373 976 scriptores
2431 903 2642 976 protu-

458 1002 672 1065 lissent
715 1003 1083 1084 cognovisse
1109 1048 1128 1080 ,
1181 1021 1260 1065 ex
1320 1010 1624 1083 poetarum
1673 1004 1849 1067 dictis
1893 1006 2069 1067 etiam
2116 1004 2178 1066 in
2220 1002 2481 1066 dicendo
2527 1020 2644 1065 au-

461 1114 797 1175 ctoritatem
840 1112 1137 1194 quandam
1186 1118 1364 1192 atque
1407 1119 1758 1194 argumenta
1783 1119 2062 1192 repetere
2098 1118 2367 1193 possent.
2453 1111 2641 1185 Quam

457 1220 859 1300 sophistarum
903 1218 1400 1285 consuetudinem
1460 1237 1646 1300 saepe
1688 1237 1721 1282 a
1765 1221 2015 1284 Socrate
2062 1218 2421 1300 reprehendi
2453 1218 2642 1280 'vide-

459 1346 627 1390 mus:
679 1332 742 1390 ut
784 1326 1023 1390 Prodici
1066 1326 1322 1390 Axioch.
1364 1345 1501 1408 pag.
1548 1325 1691 1389 367.
1736 1328 1807 1390 D.
1852 1328 1898 1388 E
1945 1333 2005 1390 et
2046 1346 2104 1409 q.
2148 1344 2224 1401 s.,
2262 1327 2444 1407 Eryx.
2494 1343 2637 1406 pag.

454 1435 597 1498 397.
639 1435 709 1497 E.
786 1435 1075 1499 Socrates
1122 1439 1269 1514 *ipse
1313 1434 1548 1496 Charm.
1595 1452 1734 1516 pag.
1783 1436 1919 1503 161.
1966 1436 2024 1498 A
2077 1442 2139 1497 et
2182 1435 2431 1497 Phaedr.
2495 1451 2635 1513 pag.

456 1541 596 1610 241.
644 1544 695 1606 D
739 1560 874 1606 cum
921 1542 1298 1605 cavillatione
1345 1541 1557 1604 eadem
1621 1543 1736 1604 hac
1799 1544 1977 1605 utitur
2028 1527 2634 1624 argumentandisa-

456 1654 667 1729 tione,
710 1669 884 1734 quarn
924 1650 1092 1714 nihili
1138 1668 1278 1714 esse
1318 1651 1462 1714 dicit
1505 1650 1738 1713 Charm.
1787 1668 1924 1733 pag.
1980 1650 2115 1717 161.
2155 1652 2239 1714 C:
2297 1669 2421 1713 non
2479 1651 2636 1715 enim

331 1787 337 1791 ·
458 1760 522 1822 id
565 1777 705 1823 esse
744 1758 1132 1840 spectandum
1162 1804 1181 1836 ‚
1222 1761 1354 1840 quis
1397 1760 1617 1822 dixerit
1660 1760 1918 1841 aliquid,
1963 1761 2074 1824 sed
2117 1768 2308 1824 utrum
2351 1778 2499 1822 vere
2539 1760 2640 1822 di·-

454 1870 612 1932 xerit
652 1884 866 1931 necne.
919 1869 1116 1950 Atque
1158 1867 1218 1930 id
1262 1869 1450 1948 ipsum
1498 1867 1685 1931 fuisse
1726 1868 1962 1932 videtur
2002 1869 2259 1932 Platonis
2303 1869 2639 1944 consilium,

457 1994 577 2058 quo
620 1981 803 2038 totam
851 1975 1008 2038 illam
1063 1975 1394 2039 Simonidei
1438 1976 1734 2056 poematis
1773 1975 2230 2057 explicationem
2272 1974 2414 2038 loco
2462 1992 2637 2067 quem

452 2085 634 2147 modo
675 2085 1058 2147 tractavimus
1104 2083 1377 2147 inseruit.
1463 2083 1822 2165 Protagoras
1865 2086 2023 2147 enim
2067 2102 2203 2146 cum
2258 2084 2377 2147 hoc
2434 2083 2637 2164 magni

451 2194 738 2256 momenti
780 2210 920 2255 esse
964 2192 1234 2270 dixisset,
1275 2197 1338 2254 ut
1376 2194 1469 2253 vir
1510 2192 1706 2253 bonus
1749 2193 1809 2254 in
1848 2198 2157 2272 poetarum
2203 2191 2379 2254 dictis
2419 2208 2631 2253 versa-

449 2309 544 2364 tus
585 2308 781 2364 esset:
842 2301 1125 2363 Socrates
1165 2299 1386 2362 nullam
1431 2317 1510 2360 ex
1554 2299 1667 2363 illis
1712 2299 1900 2381 repeti
1955 2316 2139 2380 posse
2181 2298 2635 2380 argumentandi

453 2410 866 2471 auctoritatem
897 2407 1311 2470 demonstrare
1359 2413 1629 2484 conatur,
1673 2424 1849 2488 quum
1891 2407 2144 2470 eaedem
2187 2407 2324 2470 illae
2368 2407 2640 2488 argutiae

454 2516 884 2596 grammaticae
907 2558 926 2590 ,
989 2513 1198 2593 quales
1257 2514 1621 2594 Protagoras
1685 2514 1976 2577 adhibere
2038 2515 2232 2578 soleat
2295 2514 2372 2576 ad
2419 2520 2636 2594 poetae

451 2642 695 2687 sensum
734 2622 1195 2703 exponendum,
1261 2622 1337 2685 ab
1388 2622 1509 2685 alio
1570 2621 1731 2686 facili
1796 2624 2043 2705 negotio
2090 2625 2360 2704 usurpari
2404 2625 2636 2705 possint

453 2736 529 2796 ad
580 2733 755 2796 aliam
823 2750 902 2794 ex
967 2731 1194 2794 eisdem
1257 2733 1461 2795 verbis
1520 2733 1927 2796 extricandam
1985 2734 2357 2796 sententiam.
2458 2732 2634 2807 Quod

455 2849 519 2903 ut
563 2842 801 2922 planum
839 2840 1042 2918 faciat,
1082 2845 1394 2920 postquam
1419 2841 1780 2921 Protagoras
1823 2840 1898 2902 de
1939 2859 2121 2920 prava
2147 2842 2428 2903 carminis
2460 2859 2637 2902 com·-

456 2950 763 3031 positione
810 2949 1132 3025 disseruit,
1169 2949 1382 3011 eadem
1434 2951 1670 3011 ratione
1711 2952 1885 3011 utens
1929 2951 2214 3023 Socrates
2250 2968 2488 3031 quoque
2532 2950 2633 3011 in-

457 3062 834 3136 torpretatur.
884 3055 1159 3136 Speciem
1186 3056 1421 3135 quidem
1467 3057 1731 3118 veritatis
1771 3057 2065 3137 quandam
2105 3059 2411 3137 utriusque
2456 3057 2636 3119 habet

456 3166 818 3245 explicati03
864 3168 1112 3245 uterque
1156 3163 1475 3226 nonnullos
1514 3165 1914 3242 nanciscitur,
1959 3167 2173 3246 quibus
2214 3181 2384 3228 suam
2420 3167 2636 3246 probet

453 3272 623 3348 (vid.
683 3288 820 3353 pag.
863 3271 1010 3334 339.
1057 3272 1147 3347 D,
1203 3269 1346 3334 341.
1393 3273 1529 3348 00³
1603 3279 1861 3355 attamen
1912 3280 2121 3336 neutra
2180 3280 2273 3337 est
2327 3292 2495 3337 vera.
2549 3308 2631 3324 —-·

455 3381 626 3456 Quae
668 3380 964 3443 sententia
1008 3386 1215 3442 nostra
1246 3381 1430 3461 ipsius
1451 3381 1717 3445 Socratis
1740 3382 1941 3443 verbis
1963 3398 2100 3463 pag.
2124 3379 2633 3445 347.c-348.A

453 3489 787 3553 luculenter
829 3488 1249 3552 confirmatur=
1293 3491 1433 3569 qui,
1480 3496 1791 3577 postquam
1837 3491 2294 3571 disputationem
2336 3508 2504 3553 suam
2551 3492 2630 3554 ad

450 3597 625 3659 linem
665 3596 942 3678 perduxit
976 3602 1155 3675 atque
1179 3597 1296 3657 iam
1313 3596 1556 3676 Hippias
1583 3614 1819 3677 quoque
1851 3596 2022 3660 aliam
2069 3597 2145 3660 de
2184 3615 2296 3660 suo
2344 3616 2632 3678 exprom-

451 3711 617 3767 turus
658 3710 772 3781 est,
817 3703 1134 3784 colloquiis
1166 3705 1313 3785 περὶ
1348 3699 1651 3790 ᾀσμάτων
1701 3702 1810 3767 καί
1844 3706 2012 3769 ἐπῶν
2051 3706 2387 3768 iamlinem
2433 3709 2632 3789 impo-

453 3813 711 3874 nendum
765 3829 905 3874 esse
948 3817 1194 3903 censet,
1250 3812 1467 3892 quippe
1512 3829 1667 3894 quae
1711 3831 1833 3875 non
1873 3817 1995 3878 sint
2029 3817 2290 3878 virorum
2334 3833 2481 3877 vere
2522 3835 2628 3878 sa·-

356 3952 360 3961 ·
449 3921 754 4002 pientium.
821 3919 891 3982 Ei
938 3922 1096 3982 enim
1141 3921 1202 3981 in
1243 3919 1560 4000 colloquiis
1604 3923 1729 3984 suis
1779 3923 1964 3985 οὐδὲν
2004 3924 2252 3985 δέονται
2293 3917 2630 4003 ἀλλοτρίας

451 4029 665 4111 φωνῆς
705 4024 853 4089 οὐδὲ
897 4029 1207 4108 ποιητῶν,
1270 4023 1385 4101 οὓς
1449 4020 1590 4091 οὔτε
1649 4033 1987 4112 ἀνερέσθαι
2034 4023 2167 4095 οἷόν
2213 4031 2266 4094 τ’
2306 4031 2446 4094 ἐστι’
2485 4032 2632 4111 περὶ

446 4125 540 4198 ὦν
583 4136 901 4215 λέγουσιν,
972 4131 1355 4215 ἐπαγόμενρί
1389 4157 1453 4198 τε
1502 4133 1734 4211 αὐτοῦς
1773 4135 1831 4200 οἱ
1876 4141 2094 4202 πολλοὶ
2144 4135 2211 4202 ἐν
2262 4145 2390 4212 τοῖς
2429 4135 2633 4218 λόγοις

449 4242 508 4306 οἱ
547 4244 667 4321 μὲν
702 4238 899 4304 ταῦτά
943 4263 1107 4324 φασι
1145 4239 1256 4304 τὸν
1297 4239 1557 4324 ποιητήν
1600 4250 1784 4324 νοεῖν,
1823 4240 1882 4306 οἱ
1927 4245 1985 4306 δ’
2023 4243 2225 4324 ἕτερα,
2267 4243 2415 4326 περὶ
2438 4245 2632 4326 πράγ-

447 4370 639 4429 ματος
689 4345 1119 4429 διαλεγόμενοι
1160 4344 1190 4410 ὃ
1230 4349 1650 4413 ἀδυνατοῦσιν
1691 4351 1999 4432 ἐξελέγξαι
2042 4365 2210 4435 (pag.
2256 4355 2396 4421 347.
2442 4354 2543 4430 Ε).
