<?xml version="1.0" encoding="UTF-8"?>
<!DOCTYPE html PUBLIC "-//W3C//DTD XHTML 1.0 Transitional//EN"
    "http://www.w3.org/TR/xhtml1/DTD/xhtml1-transitional.dtd">
<html xmlns="http://www.w3.org/1999/xhtml" xml:lang="en" lang="en">
 <head>
  <title>
</title>
<meta http-equiv="Content-Type" content="text/html;charset=utf-8" />
  <meta name='ocr-system' content='tesseract 3.04.00' />
  <meta name='ocr-capabilities' content='ocr_page ocr_carea ocr_par ocr_line ocrx_word'/>
</head>
<body>
  <div class='ocr_page' id='page_1' title='image "./quaestionesprot00freigoog_0129.png"; bbox 0 0 2975 4959; ppageno 0'>
   <div class='ocr_carea' id='block_1_1' title="bbox 1195 291 1736 359">
    <p class='ocr_par' dir='ltr' id='par_1_1' title="bbox 1195 291 1736 359">
     <span class='ocr_line' id='line_1_1' title="bbox 1195 291 1736 359; baseline 0.002 -1"><span class='ocrx_word' id='word_1_1' title='bbox 1195 291 1736 359; x_wconf 77' lang='lat'>-117--</span> 
     </span>
    </p>
   </div>
   <div class='ocr_carea' id='block_1_2' title="bbox 381 476 2570 992">
    <p class='ocr_par' dir='ltr' id='par_1_2' title="bbox 381 476 2570 992">
     <span class='ocr_line' id='line_1_2' title="bbox 388 476 2559 558; baseline 0.003 -23"><span class='ocrx_word' id='word_1_2' title='bbox 388 480 564 537; x_wconf 83' lang='grc' dir='ltr'><strong><em>ποιεῖ·</em></strong></span> <span class='ocrx_word' id='word_1_3' title='bbox 615 476 830 556; x_wconf 76' lang='grc' dir='ltr'><strong><em>λέγειν.</em></strong></span> <span class='ocrx_word' id='word_1_4' title='bbox 941 476 1211 557; x_wconf 88' lang='lat' dir='ltr'><strong>Denique</strong></span> <span class='ocrx_word' id='word_1_5' title='bbox 1280 476 1399 539; x_wconf 89' lang='lat' dir='ltr'><strong>hoc</strong></span> <span class='ocrx_word' id='word_1_6' title='bbox 1460 477 1618 540; x_wconf 88' lang='lat' dir='ltr'><strong>inter</strong></span> <span class='ocrx_word' id='word_1_7' title='bbox 1678 495 1787 551; x_wconf 80' lang='lat' dir='ltr'><strong>eos</strong></span> <span class='ocrx_word' id='word_1_8' title='bbox 1847 478 2172 557; x_wconf 84' lang='lat' dir='ltr'><strong>convenit,</strong></span> <span class='ocrx_word' id='word_1_9' title='bbox 2233 478 2559 558; x_wconf 73' lang='lat' dir='ltr'><strong>sophistam</strong></span> 
     </span>
     <span class='ocr_line' id='line_1_3' title="bbox 389 575 2567 667; baseline 0.002 -25"><span class='ocrx_word' id='word_1_10' title='bbox 389 581 645 643; x_wconf 81' lang='lat' dir='ltr'><strong>iuvenes</strong></span> <span class='ocrx_word' id='word_1_11' title='bbox 709 580 955 656; x_wconf 74' lang='grc' dir='ltr'><strong><em>δεινοὸς</em></strong></span> <span class='ocrx_word' id='word_1_12' title='bbox 1013 585 1215 664; x_wconf 73' lang='grc' dir='ltr'><strong><em>λέγειν</em></strong></span> <span class='ocrx_word' id='word_1_13' title='bbox 1276 592 1480 646; x_wconf 76' lang='grc' dir='ltr'><strong><em>ποιεῖν</em></strong></span> <span class='ocrx_word' id='word_1_14' title='bbox 1507 606 1529 667; x_wconf 85' lang='grc'><strong>,·</strong></span> <span class='ocrx_word' id='word_1_15' title='bbox 1591 587 1740 665; x_wconf 75' lang='grc' dir='ltr'><strong>περὶ</strong></span> <span class='ocrx_word' id='word_1_16' title='bbox 1798 575 1875 646; x_wconf 73' lang='grc' dir='ltr'><strong>οὗ</strong></span> <span class='ocrx_word' id='word_1_17' title='bbox 1949 585 2139 663; x_wconf 73' lang='grc' dir='ltr'><strong><em>αὐτὸς</em></strong></span> <span class='ocrx_word' id='word_1_18' title='bbox 2204 586 2567 667; x_wconf 74' lang='grc' dir='ltr'><strong><em>ἐπιστήμων</em></strong></span> 
     </span>
     <span class='ocr_line' id='line_1_4' title="bbox 386 683 2565 774; baseline 0.002 -24"><span class='ocrx_word' id='word_1_19' title='bbox 386 683 538 753; x_wconf 78' lang='grc' dir='ltr'><strong>ἐστι’.</strong></span> <span class='ocrx_word' id='word_1_20' title='bbox 624 689 798 763; x_wconf 86' lang='lat' dir='ltr'><strong>Quod</strong></span> <span class='ocrx_word' id='word_1_21' title='bbox 840 691 1026 770; x_wconf 89' lang='lat' dir='ltr'><strong>ipsum</strong></span> <span class='ocrx_word' id='word_1_22' title='bbox 1071 709 1219 754; x_wconf 85' lang='lat' dir='ltr'><strong>vero</strong></span> <span class='ocrx_word' id='word_1_23' title='bbox 1266 691 1407 772; x_wconf 86' lang='lat' dir='ltr'><strong>quid</strong></span> <span class='ocrx_word' id='word_1_24' title='bbox 1452 693 1530 754; x_wconf 87' lang='lat' dir='ltr'><strong>sit</strong></span> <span class='ocrx_word' id='word_1_25' title='bbox 1566 693 1909 754; x_wconf 81' lang='lat' dir='ltr'><strong>nescientes</strong></span> <span class='ocrx_word' id='word_1_26' title='bbox 1955 711 2033 755; x_wconf 88' lang='lat' dir='ltr'><strong>ex</strong></span> <span class='ocrx_word' id='word_1_27' title='bbox 2075 694 2206 773; x_wconf 90' lang='lat' dir='ltr'><strong>ipso</strong></span> <span class='ocrx_word' id='word_1_28' title='bbox 2236 694 2565 774; x_wconf 80' lang='lat' dir='ltr'><strong>Protagora</strong></span> 
     </span>
     <span class='ocr_line' id='line_1_5' title="bbox 388 798 2569 881; baseline 0.003 -25"><span class='ocrx_word' id='word_1_29' title='bbox 388 812 771 877; x_wconf 83' lang='lat' dir='ltr'><strong>cognoscere</strong></span> <span class='ocrx_word' id='word_1_30' title='bbox 813 798 1037 861; x_wconf 85' lang='lat' dir='ltr'><strong>habent</strong></span> <span class='ocrx_word' id='word_1_31' title='bbox 1094 801 1582 880; x_wconf 88' lang='lat' dir='ltr'><strong>antiquissimum.</strong></span> <span class='ocrx_word' id='word_1_32' title='bbox 1671 801 1869 874; x_wconf 84' lang='lat' dir='ltr'><strong>Quare</strong></span> <span class='ocrx_word' id='word_1_33' title='bbox 1899 802 2192 865; x_wconf 81' lang='lat' dir='ltr'><strong>Socrates</strong></span> <span class='ocrx_word' id='word_1_34' title='bbox 2232 801 2569 881; x_wconf 83' lang='lat' dir='ltr'><strong>Hippocra-</strong></span> 
     </span>
     <span class='ocr_line' id='line_1_6' title="bbox 381 906 2570 992; baseline 0.004 -26"><span class='ocrx_word' id='word_1_35' title='bbox 381 911 503 967; x_wconf 88' lang='lat' dir='ltr'><strong>tem</strong></span> <span class='ocrx_word' id='word_1_36' title='bbox 563 906 622 968; x_wconf 87' lang='lat' dir='ltr'><strong>in</strong></span> <span class='ocrx_word' id='word_1_37' title='bbox 682 906 836 969; x_wconf 89' lang='lat' dir='ltr'><strong>illius</strong></span> <span class='ocrx_word' id='word_1_38' title='bbox 899 908 1140 971; x_wconf 76' lang='lat' dir='ltr'><strong>scholas</strong></span> <span class='ocrx_word' id='word_1_39' title='bbox 1184 909 1452 987; x_wconf 79' lang='lat' dir='ltr'>inducit,</span> <span class='ocrx_word' id='word_1_40' title='bbox 1520 927 1640 991; x_wconf 86' lang='lat' dir='ltr'><strong>quo</strong></span> <span class='ocrx_word' id='word_1_41' title='bbox 1697 909 1950 974; x_wconf 82' lang='lat' dir='ltr'><strong>consitio</strong></span> <span class='ocrx_word' id='word_1_42' title='bbox 1996 912 2387 992; x_wconf 74' lang='lat' dir='ltr'><strong>Protagoram</strong></span> <span class='ocrx_word' id='word_1_43' title='bbox 2449 911 2570 992; x_wconf 75' lang='lat' dir='ltr'><strong>ipsiv</strong></span> 
     </span>
    </p>
   </div>
   <div class='ocr_carea' id='block_1_3' title="bbox 386 1012 2676 1101">
    <p class='ocr_par' dir='ltr' id='par_1_3' title="bbox 386 1012 2676 1101">
     <span class='ocr_line' id='line_1_7' title="bbox 386 1012 2676 1101; baseline 0.003 -24"><span class='ocrx_word' id='word_1_44' title='bbox 386 1016 716 1078; x_wconf 85' lang='lat' dir='ltr'><strong>convenire</strong></span> <span class='ocrx_word' id='word_1_45' title='bbox 767 1016 1064 1079; x_wconf 89' lang='lat' dir='ltr'><strong>voluerint</strong></span> <span class='ocrx_word' id='word_1_46' title='bbox 1107 1019 1187 1080; x_wconf 88' lang='lat' dir='ltr'><strong>ita</strong></span> <span class='ocrx_word' id='word_1_47' title='bbox 1236 1034 1593 1098; x_wconf 79' lang='lat' dir='ltr'><strong>exponens:</strong></span> <span class='ocrx_word' id='word_1_48' title='bbox 1651 1016 2065 1101; x_wconf 77' lang='grc' dir='ltr'><strong><em>Ἱπποκράτης</em></strong></span> <span class='ocrx_word' id='word_1_49' title='bbox 2114 1012 2219 1081; x_wconf 77' lang='grc' dir='ltr'><strong>ὅδε</strong></span> <span class='ocrx_word' id='word_1_50' title='bbox 2261 1020 2396 1084; x_wconf 73' lang='grc' dir='ltr'><strong><em>ἐστι’</em></strong></span> <span class='ocrx_word' id='word_1_51' title='bbox 2449 1022 2567 1099; x_wconf 76' lang='grc' dir='ltr'><strong>μὲν</strong></span> <span class='ocrx_word' id='word_1_52' title='bbox 2651 1016 2676 1039; x_wconf 88' lang='grc'><em>“</em></span> 
     </span>
    </p>
   </div>
   <div class='ocr_carea' id='block_1_4' title="bbox 336 1119 2573 3152">
    <p class='ocr_par' dir='ltr' id='par_1_4' title="bbox 336 1119 2573 3152">
     <span class='ocr_line' id='line_1_8' title="bbox 374 1119 2573 1209; baseline 0.001 -22"><span class='ocrx_word' id='word_1_53' title='bbox 374 1126 503 1187; x_wconf 72' lang='grc' dir='ltr'><strong>τῶν</strong></span> <span class='ocrx_word' id='word_1_54' title='bbox 562 1122 922 1206; x_wconf 76' lang='grc' dir='ltr'><strong><em>ἐπιχωρίων</em></strong></span> <span class='ocrx_word' id='word_1_55' title='bbox 948 1175 966 1204; x_wconf 85' lang='grc'><strong><em>,</em></strong></span> <span class='ocrx_word' id='word_1_56' title='bbox 1026 1119 1506 1207; x_wconf 75' lang='grc' dir='ltr'><strong><em>Ἀπολλοδώρου</em></strong></span> <span class='ocrx_word' id='word_1_57' title='bbox 1547 1123 1721 1199; x_wconf 75' lang='grc' dir='ltr'><strong><em>υἱός,</em></strong></span> <span class='ocrx_word' id='word_1_58' title='bbox 1786 1128 1988 1201; x_wconf 84' lang='grc' dir='ltr'><strong><em>οἶκιάς</em></strong></span> <span class='ocrx_word' id='word_1_59' title='bbox 2034 1127 2311 1209; x_wconf 74' lang='grc' dir='ltr'><strong><em>μεγάλης</em></strong></span> <span class='ocrx_word' id='word_1_60' title='bbox 2353 1150 2417 1190; x_wconf 76' lang='grc' dir='ltr'><strong>τε</strong></span> <span class='ocrx_word' id='word_1_61' title='bbox 2462 1125 2573 1189; x_wconf 76' lang='grc' dir='ltr'><strong>καὶ</strong></span> 
     </span>
     <span class='ocr_line' id='line_1_9' title="bbox 377 1227 2567 1318; baseline 0 -24"><span class='ocrx_word' id='word_1_62' title='bbox 377 1232 791 1310; x_wconf 74' lang='grc' dir='ltr'><strong><em>εὕδαίμονος·</em></strong></span> <span class='ocrx_word' id='word_1_63' title='bbox 886 1231 1078 1308; x_wconf 81' lang='grc' dir='ltr'><strong><em>αυ’τὸς</em></strong></span> <span class='ocrx_word' id='word_1_64' title='bbox 1117 1235 1186 1298; x_wconf 78' lang='grc' dir='ltr'><strong>δὲ</strong></span> <span class='ocrx_word' id='word_1_65' title='bbox 1235 1232 1348 1316; x_wconf 60' lang='grc' dir='ltr'><strong>τῆν</strong></span> <span class='ocrx_word' id='word_1_66' title='bbox 1391 1234 1590 1318; x_wconf 72' lang='grc' dir='ltr'><strong><em>φύσιν</em></strong></span> <span class='ocrx_word' id='word_1_67' title='bbox 1633 1236 1809 1300; x_wconf 74' lang='grc' dir='ltr'><strong><em>δοκεῖ</em></strong></span> <span class='ocrx_word' id='word_1_68' title='bbox 1843 1237 2173 1316; x_wconf 73' lang='grc' dir='ltr'><strong><em>ἐνάμιλλος</em></strong></span> <span class='ocrx_word' id='word_1_69' title='bbox 2232 1227 2395 1298; x_wconf 77' lang='grc' dir='ltr'><strong><em>εἶναι</em></strong></span> <span class='ocrx_word' id='word_1_70' title='bbox 2435 1241 2567 1308; x_wconf 79' lang='grc' dir='ltr'><strong><em>τοῖς</em></strong></span> 
     </span>
     <span class='ocr_line' id='line_1_10' title="bbox 379 1327 2569 1425; baseline 0.002 -23"><span class='ocrx_word' id='word_1_71' title='bbox 379 1327 763 1422; x_wconf 73' lang='grc' dir='ltr'><strong><em>ἡλικιώταις.</em></strong></span> <span class='ocrx_word' id='word_1_72' title='bbox 848 1341 1188 1418; x_wconf 74' lang='grc' dir='ltr'><strong><em>ἐπιθυμεῖν</em></strong></span> <span class='ocrx_word' id='word_1_73' title='bbox 1243 1344 1314 1405; x_wconf 77' lang='grc' dir='ltr'><strong>δέ</strong></span> <span class='ocrx_word' id='word_1_74' title='bbox 1374 1365 1486 1423; x_wconf 82' lang='grc' dir='ltr'><strong>μοι</strong></span> <span class='ocrx_word' id='word_1_75' title='bbox 1551 1345 1726 1404; x_wconf 77' lang='grc' dir='ltr'><strong><em>δοκεῖ·</em></strong></span> <span class='ocrx_word' id='word_1_76' title='bbox 1780 1340 2104 1425; x_wconf 76' lang='grc' dir='ltr'><strong><em>ἐλλόγιμος</em></strong></span> <span class='ocrx_word' id='word_1_77' title='bbox 2158 1347 2453 1425; x_wconf 71' lang='grc' dir='ltr'><strong>γενέσθαι</strong></span> <span class='ocrx_word' id='word_1_78' title='bbox 2499 1345 2569 1409; x_wconf 74' lang='grc' dir='ltr'><strong>ἐν</strong></span> 
     </span>
     <span class='ocr_line' id='line_1_11' title="bbox 377 1432 2568 1533; baseline 0.001 -24"><span class='ocrx_word' id='word_1_79' title='bbox 377 1451 456 1533; x_wconf 82' lang='grc' dir='ltr'><strong>τῇ</strong></span> <span class='ocrx_word' id='word_1_80' title='bbox 496 1447 715 1511; x_wconf 71' lang='grc' dir='ltr'><strong><em>πόλει·</em></strong></span> <span class='ocrx_word' id='word_1_81' title='bbox 798 1451 984 1511; x_wconf 78' lang='grc' dir='ltr'><strong><em>τοῦτο</em></strong></span> <span class='ocrx_word' id='word_1_82' title='bbox 1027 1450 1097 1512; x_wconf 73' lang='grc' dir='ltr'><strong>δὲ</strong></span> <span class='ocrx_word' id='word_1_83' title='bbox 1145 1447 1346 1512; x_wconf 76' lang='grc' dir='ltr'><strong><em>οἴεταί</em></strong></span> <span class='ocrx_word' id='word_1_84' title='bbox 1393 1446 1450 1512; x_wconf 84' lang='grc' dir='ltr'><strong>οἱ</strong></span> <span class='ocrx_word' id='word_1_85' title='bbox 1495 1447 1775 1529; x_wconf 78' lang='grc' dir='ltr'><strong><em>μάλιστα</em></strong></span> <span class='ocrx_word' id='word_1_86' title='bbox 1828 1453 2126 1530; x_wconf 69' lang='grc' dir='ltr'><strong>γενέσθαι</strong></span> <span class='ocrx_word' id='word_1_87' title='bbox 2174 1432 2236 1514; x_wconf 67' lang='grc' dir='ltr'><strong>εἶ</strong></span> <span class='ocrx_word' id='word_1_88' title='bbox 2275 1452 2380 1515; x_wconf 70' lang='lat' dir='ltr'><strong>ool</strong></span> <span class='ocrx_word' id='word_1_89' title='bbox 2416 1475 2568 1531; x_wconf 77' lang='grc' dir='ltr'><em>συγ-</em></span> 
     </span>
     <span class='ocr_line' id='line_1_12' title="bbox 378 1556 2562 1641; baseline 0.002 -25"><span class='ocrx_word' id='word_1_90' title='bbox 378 1557 632 1636; x_wconf 76' lang='grc' dir='ltr'><strong><em>γένοιτο.</em></strong></span> <span class='ocrx_word' id='word_1_91' title='bbox 719 1556 890 1637; x_wconf 86' lang='lat' dir='ltr'><strong>(Pag.</strong></span> <span class='ocrx_word' id='word_1_92' title='bbox 941 1556 1084 1619; x_wconf 82' lang='lat'><strong>316.</strong></span> <span class='ocrx_word' id='word_1_93' title='bbox 1125 1556 1226 1632; x_wconf 82' lang='grc' dir='ltr'><strong>Β.)</strong></span> <span class='ocrx_word' id='word_1_94' title='bbox 1331 1559 1722 1638; x_wconf 80' lang='lat' dir='ltr'><strong>Hippocrates</strong></span> <span class='ocrx_word' id='word_1_95' title='bbox 1786 1559 1966 1640; x_wconf 88' lang='lat' dir='ltr'><strong>igitur</strong></span> <span class='ocrx_word' id='word_1_96' title='bbox 2026 1559 2393 1641; x_wconf 79' lang='lat' dir='ltr'><strong>Protagorae</strong></span> <span class='ocrx_word' id='word_1_97' title='bbox 2448 1577 2562 1620; x_wconf 91' lang='lat' dir='ltr'><strong>usu</strong></span> 
     </span>
     <span class='ocr_line' id='line_1_13' title="bbox 386 1663 2565 1749; baseline 0.003 -26"><span class='ocrx_word' id='word_1_98' title='bbox 386 1668 561 1744; x_wconf 88' lang='lat' dir='ltr'><strong>atque</strong></span> <span class='ocrx_word' id='word_1_99' title='bbox 605 1663 971 1729; x_wconf 86' lang='lat' dir='ltr'><strong>institutione</strong></span> <span class='ocrx_word' id='word_1_100' title='bbox 1012 1665 1296 1749; x_wconf 72' lang='lat' dir='ltr'><strong>illustrem</strong></span> <span class='ocrx_word' id='word_1_101' title='bbox 1343 1667 1536 1728; x_wconf 80' lang='lat' dir='ltr'><strong>civem</strong></span> <span class='ocrx_word' id='word_1_102' title='bbox 1566 1685 1635 1729; x_wconf 90' lang='lat' dir='ltr'><strong>se</strong></span> <span class='ocrx_word' id='word_1_103' title='bbox 1680 1667 1811 1729; x_wconf 89' lang='lat' dir='ltr'><strong>fore</strong></span> <span class='ocrx_word' id='word_1_104' title='bbox 1842 1667 2107 1741; x_wconf 87' lang='lat' dir='ltr'><strong>confidit,</strong></span> <span class='ocrx_word' id='word_1_105' title='bbox 2145 1668 2203 1729; x_wconf 88' lang='lat' dir='ltr'><strong>id</strong></span> <span class='ocrx_word' id='word_1_106' title='bbox 2235 1669 2395 1748; x_wconf 88' lang='lat' dir='ltr'><strong>quod</strong></span> <span class='ocrx_word' id='word_1_107' title='bbox 2427 1666 2565 1730; x_wconf 82' lang='lat' dir='ltr'><strong>eio-</strong></span> 
     </span>
     <span class='ocr_line' id='line_1_14' title="bbox 380 1772 2562 1856; baseline 0.001 -22"><span class='ocrx_word' id='word_1_108' title='bbox 380 1772 662 1852; x_wconf 83' lang='lat' dir='ltr'><strong>quentiae</strong></span> <span class='ocrx_word' id='word_1_109' title='bbox 704 1774 1075 1853; x_wconf 89' lang='lat' dir='ltr'><strong>potissimum</strong></span> <span class='ocrx_word' id='word_1_110' title='bbox 1140 1774 1338 1836; x_wconf 86' lang='lat' dir='ltr'><strong>studio</strong></span> <span class='ocrx_word' id='word_1_111' title='bbox 1394 1792 1462 1836; x_wconf 91' lang='lat' dir='ltr'><strong>se</strong></span> <span class='ocrx_word' id='word_1_112' title='bbox 1505 1782 1961 1840; x_wconf 86' lang='lat' dir='ltr'><strong>consecuturum</strong></span> <span class='ocrx_word' id='word_1_113' title='bbox 2024 1782 2207 1856; x_wconf 87' lang='lat' dir='ltr'><strong>putat.</strong></span> <span class='ocrx_word' id='word_1_114' title='bbox 2294 1775 2562 1856; x_wconf 86' lang='lat' dir='ltr'><strong>Eamque</strong></span> 
     </span>
     <span class='ocr_line' id='line_1_15' title="bbox 378 1860 2554 1963; baseline 0.001 -21"><span class='ocrx_word' id='word_1_115' title='bbox 378 1897 449 1942; x_wconf 86' lang='lat' dir='ltr'><strong>re</strong></span> <span class='ocrx_word' id='word_1_116' title='bbox 499 1898 644 1943; x_wconf 90' lang='lat' dir='ltr'><strong>vera</strong></span> <span class='ocrx_word' id='word_1_117' title='bbox 703 1881 1044 1961; x_wconf 90' lang='lat' dir='ltr'><strong>primariam</strong></span> <span class='ocrx_word' id='word_1_118' title='bbox 1094 1876 1281 1943; x_wconf 86' lang='lat' dir='ltr'><strong>fuisse</strong></span> <span class='ocrx_word' id='word_1_119' title='bbox 1343 1860 1739 1962; x_wconf 78' lang='lat' dir='ltr'><strong>sophistarum</strong></span> <span class='ocrx_word' id='word_1_120' title='bbox 1800 1883 2239 1963; x_wconf 81' lang='lat' dir='ltr'><strong>professionem</strong></span> <span class='ocrx_word' id='word_1_121' title='bbox 2298 1890 2554 1946; x_wconf 87' lang='lat' dir='ltr'><strong>constat.</strong></span> 
     </span>
     <span class='ocr_line' id='line_1_16' title="bbox 375 1987 2558 2072; baseline 0.002 -23"><span class='ocrx_word' id='word_1_122' title='bbox 375 1987 521 2050; x_wconf 89' lang='lat' dir='ltr'><strong>Cum</strong></span> <span class='ocrx_word' id='word_1_123' title='bbox 560 1988 720 2051; x_wconf 91' lang='lat' dir='ltr'><strong>enim</strong></span> <span class='ocrx_word' id='word_1_124' title='bbox 763 1990 823 2050; x_wconf 89' lang='lat' dir='ltr'><strong>in</strong></span> <span class='ocrx_word' id='word_1_125' title='bbox 865 1988 1319 2051; x_wconf 85' lang='lat' dir='ltr'><strong>Atheniensium</strong></span> <span class='ocrx_word' id='word_1_126' title='bbox 1368 1990 1609 2050; x_wconf 89' lang='lat' dir='ltr'><strong>civitate</strong></span> <span class='ocrx_word' id='word_1_127' title='bbox 1648 1991 1692 2052; x_wconf 89' lang='lat' dir='ltr'><strong>ii</strong></span> <span class='ocrx_word' id='word_1_128' title='bbox 1727 1990 1985 2053; x_wconf 88' lang='lat' dir='ltr'><strong>maxime</strong></span> <span class='ocrx_word' id='word_1_129' title='bbox 2030 1993 2333 2068; x_wconf 81' lang='lat' dir='ltr'><strong>vaierent,</strong></span> <span class='ocrx_word' id='word_1_130' title='bbox 2396 2009 2558 2072; x_wconf 87' lang='lat' dir='ltr'><strong>quo-</strong></span> 
     </span>
     <span class='ocr_line' id='line_1_17' title="bbox 379 2095 2557 2162; baseline 0.001 -3"><span class='ocrx_word' id='word_1_131' title='bbox 379 2112 510 2160; x_wconf 88' lang='lat' dir='ltr'><strong>rum</strong></span> <span class='ocrx_word' id='word_1_132' title='bbox 574 2095 829 2159; x_wconf 83' lang='lat' dir='ltr'><strong>facultas</strong></span> <span class='ocrx_word' id='word_1_133' title='bbox 887 2098 1142 2159; x_wconf 87' lang='lat' dir='ltr'><strong>maxima</strong></span> <span class='ocrx_word' id='word_1_134' title='bbox 1205 2103 1366 2159; x_wconf 85' lang='lat' dir='ltr'><strong>esset</strong></span> <span class='ocrx_word' id='word_1_135' title='bbox 1419 2099 1634 2160; x_wconf 87' lang='lat' dir='ltr'><strong>civium</strong></span> <span class='ocrx_word' id='word_1_136' title='bbox 1686 2101 1919 2160; x_wconf 88' lang='lat' dir='ltr'><strong>animos</strong></span> <span class='ocrx_word' id='word_1_137' title='bbox 1963 2098 2222 2162; x_wconf 90' lang='lat' dir='ltr'><strong>dicendo</strong></span> <span class='ocrx_word' id='word_1_138' title='bbox 2265 2099 2342 2161; x_wconf 89' lang='lat' dir='ltr'><strong>ad</strong></span> <span class='ocrx_word' id='word_1_139' title='bbox 2386 2117 2557 2162; x_wconf 88' lang='lat' dir='ltr'><strong>suam</strong></span> 
     </span>
     <span class='ocr_line' id='line_1_18' title="bbox 378 2204 2558 2286; baseline -0.001 -16"><span class='ocrx_word' id='word_1_140' title='bbox 378 2204 741 2270; x_wconf 71' lang='lat' dir='ltr'><strong>voluntatem</strong></span> <span class='ocrx_word' id='word_1_141' title='bbox 781 2205 1056 2286; x_wconf 87' lang='lat' dir='ltr'><strong>regendi,</strong></span> <span class='ocrx_word' id='word_1_142' title='bbox 1106 2204 1265 2266; x_wconf 89' lang='lat' dir='ltr'><strong>hanc</strong></span> <span class='ocrx_word' id='word_1_143' title='bbox 1307 2211 1495 2267; x_wconf 87' lang='lat' dir='ltr'><strong>artem</strong></span> <span class='ocrx_word' id='word_1_144' title='bbox 1537 2204 1842 2267; x_wconf 88' lang='lat' dir='ltr'><strong>tradentes</strong></span> <span class='ocrx_word' id='word_1_145' title='bbox 1889 2206 2197 2286; x_wconf 85' lang='lat' dir='ltr'><strong>sophistae</strong></span> <span class='ocrx_word' id='word_1_146' title='bbox 2237 2208 2376 2286; x_wconf 88' lang='lat' dir='ltr'><strong>quin</strong></span> <span class='ocrx_word' id='word_1_147' title='bbox 2422 2225 2558 2267; x_wconf 88' lang='lat' dir='ltr'><strong>ma-</strong></span> 
     </span>
     <span class='ocr_line' id='line_1_19' title="bbox 375 2313 2549 2396; baseline 0.001 -22"><span class='ocrx_word' id='word_1_148' title='bbox 375 2330 500 2394; x_wconf 91' lang='lat' dir='ltr'><strong>gno</strong></span> <span class='ocrx_word' id='word_1_149' title='bbox 568 2313 990 2393; x_wconf 78' lang='lat' dir='ltr'><strong>discipulorum</strong></span> <span class='ocrx_word' id='word_1_150' title='bbox 1053 2330 1301 2375; x_wconf 87' lang='lat' dir='ltr'><strong>numero</strong></span> <span class='ocrx_word' id='word_1_151' title='bbox 1345 2331 1586 2393; x_wconf 88' lang='lat' dir='ltr'><strong>semper</strong></span> <span class='ocrx_word' id='word_1_152' title='bbox 1623 2313 1959 2395; x_wconf 87' lang='lat' dir='ltr'><strong>gauderent</strong></span> <span class='ocrx_word' id='word_1_153' title='bbox 2001 2314 2130 2377; x_wconf 84' lang='lat' dir='ltr'><strong>fieri</strong></span> <span class='ocrx_word' id='word_1_154' title='bbox 2177 2332 2297 2377; x_wconf 90' lang='lat' dir='ltr'><strong>non</strong></span> <span class='ocrx_word' id='word_1_155' title='bbox 2343 2316 2549 2396; x_wconf 88' lang='lat' dir='ltr'><strong>potuit.</strong></span> 
     </span>
     <span class='ocr_line' id='line_1_20' title="bbox 336 2421 2551 2504; baseline 0.001 -21"><span class='ocrx_word' id='word_1_156' title='bbox 336 2460 341 2469; x_wconf 76' lang='lat'><em>,</em></span> <span class='ocrx_word' id='word_1_157' title='bbox 372 2421 581 2501; x_wconf 87' lang='lat' dir='ltr'><strong>ltaque</strong></span> <span class='ocrx_word' id='word_1_158' title='bbox 600 2422 906 2502; x_wconf 88' lang='lat' dir='ltr'><strong>sophistae</strong></span> <span class='ocrx_word' id='word_1_159' title='bbox 932 2439 1171 2498; x_wconf 86' lang='lat' dir='ltr'><strong>nomen,</strong></span> <span class='ocrx_word' id='word_1_160' title='bbox 1199 2422 1358 2502; x_wconf 90' lang='lat' dir='ltr'><strong>quod</strong></span> <span class='ocrx_word' id='word_1_161' title='bbox 1389 2429 1566 2483; x_wconf 86' lang='lat' dir='ltr'><strong>antea</strong></span> <span class='ocrx_word' id='word_1_162' title='bbox 1592 2423 2034 2503; x_wconf 80' lang='lat' dir='ltr'><strong>significatione</strong></span> <span class='ocrx_word' id='word_1_163' title='bbox 2060 2423 2240 2486; x_wconf 85' lang='lat' dir='ltr'><strong>multo</strong></span> <span class='ocrx_word' id='word_1_164' title='bbox 2264 2424 2551 2504; x_wconf 89' lang='lat' dir='ltr'><strong>ampliore</strong></span> 
     </span>
     <span class='ocr_line' id='line_1_21' title="bbox 377 2505 2558 2613; baseline 0.001 -22"><span class='ocrx_word' id='word_1_165' title='bbox 377 2505 588 2591; x_wconf 74' lang='lat' dir='ltr'><strong>omnes</strong></span> <span class='ocrx_word' id='word_1_166' title='bbox 630 2530 775 2591; x_wconf 90' lang='lat' dir='ltr'><strong>artis</strong></span> <span class='ocrx_word' id='word_1_167' title='bbox 817 2527 1076 2592; x_wconf 85' lang='lat' dir='ltr'><strong>alicuius</strong></span> <span class='ocrx_word' id='word_1_168' title='bbox 1118 2530 1346 2609; x_wconf 90' lang='lat' dir='ltr'><strong>peritos</strong></span> <span class='ocrx_word' id='word_1_169' title='bbox 1381 2524 1477 2592; x_wconf 90' lang='lat' dir='ltr'><strong>vel</strong></span> <span class='ocrx_word' id='word_1_170' title='bbox 1518 2530 1762 2611; x_wconf 87' lang='lat' dir='ltr'><strong>ingenio</strong></span> <span class='ocrx_word' id='word_1_171' title='bbox 1807 2530 2194 2609; x_wconf 77' lang='lat' dir='ltr'><strong>exceltenteS‚</strong></span> <span class='ocrx_word' id='word_1_172' title='bbox 2235 2532 2558 2613; x_wconf 89' lang='lat' dir='ltr'><strong>praecipue</strong></span> 
     </span>
     <span class='ocr_line' id='line_1_22' title="bbox 376 2637 2556 2719; baseline 0.003 -22"><span class='ocrx_word' id='word_1_173' title='bbox 376 2653 769 2717; x_wconf 84' lang='lat' dir='ltr'><strong>quoscunque</strong></span> <span class='ocrx_word' id='word_1_174' title='bbox 806 2655 969 2700; x_wconf 88' lang='lat' dir='ltr'><strong>nunc</strong></span> <span class='ocrx_word' id='word_1_175' title='bbox 998 2637 1252 2699; x_wconf 86' lang='lat' dir='ltr'><strong>dicimus</strong></span> <span class='ocrx_word' id='word_1_176' title='bbox 1291 2637 1705 2718; x_wconf 79' lang='lat' dir='ltr'><strong>philosophoS,</strong></span> <span class='ocrx_word' id='word_1_177' title='bbox 1742 2638 2076 2718; x_wconf 84' lang='lat' dir='ltr'><strong>amplexum</strong></span> <span class='ocrx_word' id='word_1_178' title='bbox 2107 2646 2238 2701; x_wconf 89' lang='lat' dir='ltr'><strong>erat</strong></span> <span class='ocrx_word' id='word_1_179' title='bbox 2271 2639 2362 2719; x_wconf 55' lang='lat' dir='ltr'><strong>⁴t),</strong></span> <span class='ocrx_word' id='word_1_180' title='bbox 2402 2639 2556 2703; x_wconf 87' lang='lat' dir='ltr'><strong>illius</strong></span> 
     </span>
     <span class='ocr_line' id='line_1_23' title="bbox 379 2738 2556 2828; baseline 0.003 -22"><span class='ocrx_word' id='word_1_181' title='bbox 379 2746 589 2808; x_wconf 88' lang='lat' dir='ltr'><strong>aetatis</strong></span> <span class='ocrx_word' id='word_1_182' title='bbox 605 2763 718 2807; x_wconf 90' lang='lat' dir='ltr'><strong>usu</strong></span> <span class='ocrx_word' id='word_1_183' title='bbox 733 2745 809 2806; x_wconf 89' lang='lat' dir='ltr'><strong>ad</strong></span> <span class='ocrx_word' id='word_1_184' title='bbox 827 2763 936 2807; x_wconf 91' lang='lat' dir='ltr'><strong>eos</strong></span> <span class='ocrx_word' id='word_1_185' title='bbox 954 2746 1322 2825; x_wconf 90' lang='lat' dir='ltr'><strong>potissimum</strong></span> <span class='ocrx_word' id='word_1_186' title='bbox 1350 2738 1781 2826; x_wconf 85' lang='lat' dir='ltr'><strong>significandos</strong></span> <span class='ocrx_word' id='word_1_187' title='bbox 1798 2746 2054 2825; x_wconf 84' lang='lat' dir='ltr'><strong>valebat,</strong></span> <span class='ocrx_word' id='word_1_188' title='bbox 2070 2749 2168 2828; x_wconf 89' lang='lat' dir='ltr'><strong>qui</strong></span> <span class='ocrx_word' id='word_1_189' title='bbox 2188 2750 2556 2827; x_wconf 84' lang='lat' dir='ltr'><strong>quibuscun-</strong></span> 
     </span>
     <span class='ocr_line' id='line_1_24' title="bbox 372 2853 2549 2934; baseline 0.002 -20"><span class='ocrx_word' id='word_1_190' title='bbox 372 2871 490 2934; x_wconf 86' lang='lat' dir='ltr'><strong>que</strong></span> <span class='ocrx_word' id='word_1_191' title='bbox 514 2854 740 2916; x_wconf 90' lang='lat' dir='ltr'><strong>artibus</strong></span> <span class='ocrx_word' id='word_1_192' title='bbox 764 2859 905 2915; x_wconf 88' lang='lat' dir='ltr'><strong>tunc</strong></span> <span class='ocrx_word' id='word_1_193' title='bbox 935 2855 1183 2915; x_wconf 89' lang='lat' dir='ltr'><strong>iuvenes</strong></span> <span class='ocrx_word' id='word_1_194' title='bbox 1211 2853 1286 2915; x_wconf 90' lang='lat' dir='ltr'><strong>ad</strong></span> <span class='ocrx_word' id='word_1_195' title='bbox 1320 2854 1607 2915; x_wconf 87' lang='lat' dir='ltr'><strong>urbanam</strong></span> <span class='ocrx_word' id='word_1_196' title='bbox 1641 2853 2111 2917; x_wconf 82' lang='lat' dir='ltr'><strong>informabantur</strong></span> <span class='ocrx_word' id='word_1_197' title='bbox 2132 2857 2549 2934; x_wconf 89' lang='lat' dir='ltr'><strong>eruditionem,</strong></span> 
     </span>
     <span class='ocr_line' id='line_1_25' title="bbox 376 2961 2552 3047; baseline 0.004 -24"><span class='ocrx_word' id='word_1_198' title='bbox 376 2963 633 3042; x_wconf 86' lang='lat' dir='ltr'><strong>pecunia</strong></span> <span class='ocrx_word' id='word_1_199' title='bbox 661 2969 907 3043; x_wconf 88' lang='lat' dir='ltr'><strong>accepta</strong></span> <span class='ocrx_word' id='word_1_200' title='bbox 937 2962 1265 3025; x_wconf 86' lang='lat' dir='ltr'><strong>docerent:</strong></span> <span class='ocrx_word' id='word_1_201' title='bbox 1311 2979 1425 3042; x_wconf 91' lang='lat' dir='ltr'><strong>qua</strong></span> <span class='ocrx_word' id='word_1_202' title='bbox 1453 2961 1530 3022; x_wconf 91' lang='lat' dir='ltr'><strong>de</strong></span> <span class='ocrx_word' id='word_1_203' title='bbox 1553 2980 1621 3023; x_wconf 86' lang='lat' dir='ltr'><strong>re</strong></span> <span class='ocrx_word' id='word_1_204' title='bbox 1645 2981 1679 3024; x_wconf 87' lang='lat' dir='ltr'><strong>a</strong></span> <span class='ocrx_word' id='word_1_205' title='bbox 1704 2962 1946 3027; x_wconf 88' lang='lat' dir='ltr'><strong>Platone</strong></span> <span class='ocrx_word' id='word_1_206' title='bbox 1973 2966 2337 3045; x_wconf 85' lang='lat' dir='ltr'><strong>potissimum</strong></span> <span class='ocrx_word' id='word_1_207' title='bbox 2380 2968 2552 3047; x_wconf 81' lang='lat' dir='ltr'><strong>quasi</strong></span> 
     </span>
     <span class='ocr_line' id='line_1_26' title="bbox 382 3062 2551 3152; baseline 0.003 -20"><span class='ocrx_word' id='word_1_208' title='bbox 382 3071 760 3133; x_wconf 77' lang='lat' dir='ltr'><strong>mercatoriis</strong></span> <span class='ocrx_word' id='word_1_209' title='bbox 785 3071 1049 3152; x_wconf 84' lang='lat' dir='ltr'><strong>negotiis</strong></span> <span class='ocrx_word' id='word_1_210' title='bbox 1075 3070 1260 3132; x_wconf 90' lang='lat' dir='ltr'><strong>dediti</strong></span> <span class='ocrx_word' id='word_1_211' title='bbox 1298 3070 1537 3150; x_wconf 86' lang='lat' dir='ltr'><strong>saepius</strong></span> <span class='ocrx_word' id='word_1_212' title='bbox 1563 3071 1622 3132; x_wconf 90' lang='lat' dir='ltr'><strong>in</strong></span> <span class='ocrx_word' id='word_1_213' title='bbox 1665 3071 2192 3151; x_wconf 86' lang='lat' dir='ltr'><strong>reprehensionem</strong></span> <span class='ocrx_word' id='word_1_214' title='bbox 2219 3062 2551 3151; x_wconf 18' lang='lat' dir='ltr'><strong>&#39;voc-anturz</strong></span> 
     </span>
    </p>
   </div>
   <div class='ocr_carea' id='block_1_5' title="bbox 348 3249 2550 4448">
    <p class='ocr_par' dir='ltr' id='par_1_5' title="bbox 348 3249 2550 4448">
     <span class='ocr_line' id='line_1_27' title="bbox 526 3249 2550 3325; baseline 0.005 -25"><span class='ocrx_word' id='word_1_215' title='bbox 526 3253 576 3320; x_wconf 78' lang='lat'><strong>*)</strong></span> <span class='ocrx_word' id='word_1_216' title='bbox 612 3249 899 3302; x_wconf 85' lang='lat' dir='ltr'><strong>Herodotus</strong></span> <span class='ocrx_word' id='word_1_217' title='bbox 938 3250 1026 3303; x_wconf 89' lang='lat' dir='ltr'><strong>lib.</strong></span> <span class='ocrx_word' id='word_1_218' title='bbox 1068 3251 1109 3304; x_wconf 92' lang='lat'><strong>1.</strong></span> <span class='ocrx_word' id='word_1_219' title='bbox 1147 3267 1259 3319; x_wconf 90' lang='lat' dir='ltr'><strong>cap.</strong></span> <span class='ocrx_word' id='word_1_220' title='bbox 1295 3252 1378 3304; x_wconf 85' lang='grc'><strong>29.</strong></span> <span class='ocrx_word' id='word_1_221' title='bbox 1416 3268 1531 3303; x_wconf 90' lang='lat' dir='ltr'><strong>cum</strong></span> <span class='ocrx_word' id='word_1_222' title='bbox 1574 3261 1775 3305; x_wconf 84' lang='lat' dir='ltr'><strong>ceteros</strong></span> <span class='ocrx_word' id='word_1_223' title='bbox 1815 3253 1953 3307; x_wconf 86' lang='lat' dir='ltr'><strong>illius</strong></span> <span class='ocrx_word' id='word_1_224' title='bbox 2010 3257 2255 3323; x_wconf 83' lang='lat' dir='ltr'><strong>temporis</strong></span> <span class='ocrx_word' id='word_1_225' title='bbox 2292 3257 2550 3325; x_wconf 76' lang='lat' dir='ltr'><strong>sophistas</strong></span> 
     </span>
     <span class='ocr_line' id='line_1_28' title="bbox 374 3319 2549 3395; baseline 0.004 -24"><span class='ocrx_word' id='word_1_226' title='bbox 374 3319 546 3374; x_wconf 84' lang='lat' dir='ltr'><strong>Sardis</strong></span> <span class='ocrx_word' id='word_1_227' title='bbox 585 3323 792 3371; x_wconf 87' lang='lat' dir='ltr'><strong>venisse</strong></span> <span class='ocrx_word' id='word_1_228' title='bbox 847 3323 956 3385; x_wconf 89' lang='lat' dir='ltr'><strong>ait,</strong></span> <span class='ocrx_word' id='word_1_229' title='bbox 1007 3332 1113 3374; x_wconf 88' lang='lat' dir='ltr'><strong>tum</strong></span> <span class='ocrx_word' id='word_1_230' title='bbox 1151 3321 1411 3374; x_wconf 86' lang='lat' dir='ltr'><strong>Solonem.</strong></span> <span class='ocrx_word' id='word_1_231' title='bbox 1483 3323 1623 3374; x_wconf 84' lang='lat' dir='ltr'><strong>Idem</strong></span> <span class='ocrx_word' id='word_1_232' title='bbox 1660 3323 1755 3374; x_wconf 88' lang='lat' dir='ltr'><strong>lib.</strong></span> <span class='ocrx_word' id='word_1_233' title='bbox 1793 3326 1877 3382; x_wconf 87' lang='lat' dir='ltr'><strong>lv.</strong></span> <span class='ocrx_word' id='word_1_234' title='bbox 1918 3341 2032 3392; x_wconf 89' lang='lat' dir='ltr'><strong>cap.</strong></span> <span class='ocrx_word' id='word_1_235' title='bbox 2072 3325 2154 3379; x_wconf 84' lang='lat'><strong>95.</strong></span> <span class='ocrx_word' id='word_1_236' title='bbox 2192 3326 2549 3395; x_wconf 80' lang='lat' dir='ltr'><strong>Pythagoram,</strong></span> 
     </span>
     <span class='ocr_line' id='line_1_29' title="bbox 373 3392 2547 3467; baseline 0.003 -23"><span class='ocrx_word' id='word_1_237' title='bbox 373 3392 620 3444; x_wconf 80' lang='lat' dir='ltr'><strong>Androtio</strong></span> <span class='ocrx_word' id='word_1_238' title='bbox 674 3406 798 3442; x_wconf 85' lang='lat' dir='ltr'><strong>vero</strong></span> <span class='ocrx_word' id='word_1_239' title='bbox 848 3395 1046 3458; x_wconf 77' lang='lat' dir='ltr'><strong>septem</strong></span> <span class='ocrx_word' id='word_1_240' title='bbox 1098 3392 1216 3445; x_wconf 89' lang='lat' dir='ltr'><strong>illos</strong></span> <span class='ocrx_word' id='word_1_241' title='bbox 1255 3395 1393 3443; x_wconf 85' lang='lat' dir='ltr'><strong>viros</strong></span> <span class='ocrx_word' id='word_1_242' title='bbox 1437 3396 1844 3462; x_wconf 76' lang='lat' dir='ltr'><strong>sapientissimos</strong></span> <span class='ocrx_word' id='word_1_243' title='bbox 1887 3405 1938 3447; x_wconf 89' lang='lat' dir='ltr'><strong>et</strong></span> <span class='ocrx_word' id='word_1_244' title='bbox 1975 3398 2237 3449; x_wconf 83' lang='lat' dir='ltr'><strong>Socratem</strong></span> <span class='ocrx_word' id='word_1_245' title='bbox 2285 3399 2547 3467; x_wconf 81' lang='lat' dir='ltr'><strong>sophistas</strong></span> 
     </span>
     <span class='ocr_line' id='line_1_30' title="bbox 372 3460 2547 3540; baseline 0.004 -27"><span class='ocrx_word' id='word_1_246' title='bbox 372 3461 655 3529; x_wconf 86' lang='lat' dir='ltr'><strong>appellavit</strong></span> <span class='ocrx_word' id='word_1_247' title='bbox 687 3462 900 3532; x_wconf 78' lang='lat' dir='ltr'><strong>(Aristid</strong></span> <span class='ocrx_word' id='word_1_248' title='bbox 948 3460 1094 3514; x_wconf 89' lang='lat' dir='ltr'><strong>Decl.</strong></span> <span class='ocrx_word' id='word_1_249' title='bbox 1117 3463 1289 3514; x_wconf 84' lang='lat' dir='ltr'><strong>XLVI.</strong></span> <span class='ocrx_word' id='word_1_250' title='bbox 1325 3479 1428 3531; x_wconf 86' lang='lat' dir='ltr'><strong>pag</strong></span> <span class='ocrx_word' id='word_1_251' title='bbox 1463 3465 1585 3518; x_wconf 75' lang='lat'><strong>5³7.</strong></span> <span class='ocrx_word' id='word_1_252' title='bbox 1626 3464 1771 3517; x_wconf 88' lang='lat' dir='ltr'><strong>Cant.</strong></span> <span class='ocrx_word' id='word_1_253' title='bbox 1794 3475 1913 3517; x_wconf 89' lang='lat' dir='ltr'><strong>tom.</strong></span> <span class='ocrx_word' id='word_1_254' title='bbox 1936 3466 2002 3518; x_wconf 91' lang='lat'><strong>11.</strong></span> <span class='ocrx_word' id='word_1_255' title='bbox 2044 3482 2162 3534; x_wconf 83' lang='lat' dir='ltr'><strong>pag.</strong></span> <span class='ocrx_word' id='word_1_256' title='bbox 2186 3468 2307 3520; x_wconf 83' lang='grc'><strong>407.</strong></span> <span class='ocrx_word' id='word_1_257' title='bbox 2350 3469 2547 3540; x_wconf 76' lang='grc' dir='ltr'><strong>οἰηά.).</strong></span> 
     </span>
     <span class='ocr_line' id='line_1_31' title="bbox 373 3532 2547 3609; baseline 0.005 -25"><span class='ocrx_word' id='word_1_258' title='bbox 373 3532 524 3600; x_wconf 82' lang='lat' dir='ltr'><strong>Diog.</strong></span> <span class='ocrx_word' id='word_1_259' title='bbox 561 3533 726 3586; x_wconf 85' lang='lat' dir='ltr'><strong>Laert.</strong></span> <span class='ocrx_word' id='word_1_260' title='bbox 774 3537 846 3586; x_wconf 77' lang='grc' dir='ltr'><strong>Οἱ</strong></span> <span class='ocrx_word' id='word_1_261' title='bbox 880 3534 940 3586; x_wconf 77' lang='grc' dir='ltr'><strong>δὲ</strong></span> <span class='ocrx_word' id='word_1_262' title='bbox 977 3541 1168 3605; x_wconf 77' lang='grc' dir='ltr'><strong><em>σοφοί,</em></strong></span> <span class='ocrx_word' id='word_1_263' title='bbox 1206 3536 1372 3601; x_wconf 88' lang='lat' dir='ltr'><strong>inquit</strong></span> <span class='ocrx_word' id='word_1_264' title='bbox 1405 3536 1496 3586; x_wconf 80' lang='lat' dir='ltr'><strong>tib.</strong></span> <span class='ocrx_word' id='word_1_265' title='bbox 1528 3537 1565 3587; x_wconf 88' lang='grc' dir='ltr'><strong>Ι.</strong></span> <span class='ocrx_word' id='word_1_266' title='bbox 1605 3538 1658 3598; x_wconf 70' lang='lat'><strong>§-</strong></span> <span class='ocrx_word' id='word_1_267' title='bbox 1688 3539 1767 3600; x_wconf 79' lang='grc'><strong>12,</strong></span> <span class='ocrx_word' id='word_1_268' title='bbox 1805 3545 1900 3590; x_wconf 78' lang='grc' dir='ltr'><strong>καὶ</strong></span> <span class='ocrx_word' id='word_1_269' title='bbox 1924 3543 2202 3609; x_wconf 76' lang='grc' dir='ltr'><strong><em>σοφισταὶ</em></strong></span> <span class='ocrx_word' id='word_1_270' title='bbox 2226 3544 2547 3596; x_wconf 64' lang='grc' dir='ltr'><strong>ἐκαλοῦθτο·</strong></span> 
     </span>
     <span class='ocr_line' id='line_1_32' title="bbox 377 3598 2550 3679; baseline 0.005 -22"><span class='ocrx_word' id='word_1_271' title='bbox 377 3608 471 3657; x_wconf 73' lang='grc' dir='ltr'><strong>καὶ</strong></span> <span class='ocrx_word' id='word_1_272' title='bbox 512 3606 810 3677; x_wconf 73' lang='grc' dir='ltr'><strong><em>οῠιμόνον,</em></strong></span> <span class='ocrx_word' id='word_1_273' title='bbox 852 3598 988 3657; x_wconf 70' lang='grc' dir='ltr'><strong><em>ἀλλὰ</em></strong></span> <span class='ocrx_word' id='word_1_274' title='bbox 1027 3610 1122 3660; x_wconf 76' lang='grc' dir='ltr'><strong>καὶ</strong></span> <span class='ocrx_word' id='word_1_275' title='bbox 1150 3607 1208 3656; x_wconf 78' lang='grc' dir='ltr'><strong>οἱ</strong></span> <span class='ocrx_word' id='word_1_276' title='bbox 1231 3612 1460 3672; x_wconf 73' lang='grc' dir='ltr'><strong><em>ποιηταὶ</em></strong></span> <span class='ocrx_word' id='word_1_277' title='bbox 1505 3614 1809 3679; x_wconf 77' lang='grc' dir='ltr'><strong><em>σοφισταί,</em></strong></span> <span class='ocrx_word' id='word_1_278' title='bbox 1834 3606 1998 3661; x_wconf 76' lang='grc' dir='ltr'><strong><em>’καθὰ</em></strong></span> <span class='ocrx_word' id='word_1_279' title='bbox 2033 3614 2129 3663; x_wconf 76' lang='grc' dir='ltr'><strong>καὶ</strong></span> <span class='ocrx_word' id='word_1_280' title='bbox 2165 3615 2224 3663; x_wconf 85' lang='lat' dir='ltr'><em>K</em></span> <span class='ocrx_word' id='word_1_281' title='bbox 2226 3622 2452 3679; x_wconf 74' lang='grc' dir='ltr'><strong><em>ραιῖνος</em></strong></span> <span class='ocrx_word' id='word_1_282' title='bbox 2485 3615 2550 3668; x_wconf 75' lang='grc' dir='ltr'><strong>ἐν</strong></span> 
     </span>
     <span class='ocr_line' id='line_1_33' title="bbox 369 3672 2546 3747; baseline 0.004 -18"><span class='ocrx_word' id='word_1_283' title='bbox 369 3675 712 3746; x_wconf 80' lang='grc' dir='ltr'><strong>Ἀρχιλόχοις</strong></span> <span class='ocrx_word' id='word_1_284' title='bbox 750 3677 879 3734; x_wconf 73' lang='grc' dir='ltr'><strong>τοὺς</strong></span> <span class='ocrx_word' id='word_1_285' title='bbox 930 3679 1064 3744; x_wconf 79' lang='grc' dir='ltr'><strong><em>περὶ</em></strong></span> <span class='ocrx_word' id='word_1_286' title='bbox 1103 3672 1351 3747; x_wconf 78' lang='grc' dir='ltr'><strong><em>Ὅμηρον</em></strong></span> <span class='ocrx_word' id='word_1_287' title='bbox 1399 3682 1500 3731; x_wconf 76' lang='grc' dir='ltr'><strong>καὶ</strong></span> <span class='ocrx_word' id='word_1_288' title='bbox 1538 3677 1808 3733; x_wconf 81' lang='grc' dir='ltr'><strong><em>Ἡσίοδον</em></strong></span> <span class='ocrx_word' id='word_1_289' title='bbox 1846 3681 2095 3734; x_wconf 73' lang='grc' dir='ltr'><strong><em>ἐπαινῶν</em></strong></span> <span class='ocrx_word' id='word_1_290' title='bbox 2147 3680 2320 3741; x_wconf 76' lang='grc' dir='ltr'><strong><em>οὕτως</em></strong></span> <span class='ocrx_word' id='word_1_291' title='bbox 2370 3688 2546 3738; x_wconf 77' lang='grc' dir='ltr'><strong>καλεῖ.</strong></span> 
     </span>
     <span class='ocr_line' id='line_1_34' title="bbox 348 3744 2548 3816; baseline 0.004 -19"><span class='ocrx_word' id='word_1_292' title='bbox 348 3745 671 3811; x_wconf 73' lang='lat' dir='ltr'><strong>,Physiotogi</strong></span> <span class='ocrx_word' id='word_1_293' title='bbox 716 3746 872 3796; x_wconf 82' lang='lat' dir='ltr'><strong>tonici</strong></span> <span class='ocrx_word' id='word_1_294' title='bbox 897 3744 1162 3812; x_wconf 78' lang='lat' dir='ltr'><strong>sophistae</strong></span> <span class='ocrx_word' id='word_1_295' title='bbox 1198 3748 1526 3799; x_wconf 83' lang='lat' dir='ltr'><strong>nominantur</strong></span> <span class='ocrx_word' id='word_1_296' title='bbox 1559 3747 1851 3816; x_wconf 84' lang='lat' dir='ltr'><strong>a·Diogene</strong></span> <span class='ocrx_word' id='word_1_297' title='bbox 1874 3749 2203 3815; x_wconf 83' lang='lat' dir='ltr'><strong>Apolloniata</strong></span> <span class='ocrx_word' id='word_1_298' title='bbox 2236 3759 2371 3804; x_wconf 80' lang='lat' dir='ltr'><strong>teste</strong></span> <span class='ocrx_word' id='word_1_299' title='bbox 2407 3753 2548 3806; x_wconf 86' lang='lat' dir='ltr'><strong>Sim·-</strong></span> 
     </span>
     <span class='ocr_line' id='line_1_35' title="bbox 371 3815 2547 3892; baseline 0.005 -26"><span class='ocrx_word' id='word_1_300' title='bbox 371 3817 532 3884; x_wconf 84' lang='lat' dir='ltr'><strong>piicio</strong></span> <span class='ocrx_word' id='word_1_301' title='bbox 570 3818 623 3868; x_wconf 84' lang='lat' dir='ltr'><strong>iu</strong></span> <span class='ocrx_word' id='word_1_302' title='bbox 645 3816 797 3883; x_wconf 76' lang='lat' dir='ltr'><strong>Phys.</strong></span> <span class='ocrx_word' id='word_1_303' title='bbox 838 3817 875 3868; x_wconf 84' lang='lat' dir='ltr'><strong>f.</strong></span> <span class='ocrx_word' id='word_1_304' title='bbox 910 3817 996 3869; x_wconf 84' lang='lat'><strong>32.</strong></span> <span class='ocrx_word' id='word_1_305' title='bbox 1022 3815 1068 3866; x_wconf 89' lang='lat' dir='ltr'><strong>b.</strong></span> <span class='ocrx_word' id='word_1_306' title='bbox 1107 3817 1185 3869; x_wconf 88' lang='lat' dir='ltr'><strong>Ex</strong></span> <span class='ocrx_word' id='word_1_307' title='bbox 1203 3818 1389 3871; x_wconf 79' lang='lat' dir='ltr'><strong>Athen.</strong></span> <span class='ocrx_word' id='word_1_308' title='bbox 1417 3818 1508 3870; x_wconf 87' lang='lat' dir='ltr'><strong>lib.</strong></span> <span class='ocrx_word' id='word_1_309' title='bbox 1533 3818 1663 3871; x_wconf 85' lang='lat' dir='ltr'>xlv.</span> <span class='ocrx_word' id='word_1_310' title='bbox 1705 3835 1826 3887; x_wconf 80' lang='lat' dir='ltr'><strong>pag.</strong></span> <span class='ocrx_word' id='word_1_311' title='bbox 1859 3821 1980 3876; x_wconf 81' lang='lat'><strong>632.</strong></span> <span class='ocrx_word' id='word_1_312' title='bbox 2022 3822 2299 3887; x_wconf 83' lang='lat' dir='ltr'><strong>praecipue</strong></span> <span class='ocrx_word' id='word_1_313' title='bbox 2334 3825 2421 3892; x_wconf 89' lang='lat' dir='ltr'><strong>qui</strong></span> <span class='ocrx_word' id='word_1_314' title='bbox 2455 3840 2547 3876; x_wconf 83' lang='lat' dir='ltr'><strong>ar·-</strong></span> 
     </span>
     <span class='ocr_line' id='line_1_36' title="bbox 369 3887 2543 3959; baseline 0.004 -20"><span class='ocrx_word' id='word_1_315' title='bbox 369 3896 475 3939; x_wconf 90' lang='lat' dir='ltr'><strong>tem</strong></span> <span class='ocrx_word' id='word_1_316' title='bbox 529 3888 773 3938; x_wconf 85' lang='lat' dir='ltr'><strong>musicam</strong></span> <span class='ocrx_word' id='word_1_317' title='bbox 824 3887 1109 3938; x_wconf 82' lang='lat' dir='ltr'><strong>tractabant</strong></span> <span class='ocrx_word' id='word_1_318' title='bbox 1155 3889 1412 3956; x_wconf 87' lang='lat' dir='ltr'><strong>sophistas</strong></span> <span class='ocrx_word' id='word_1_319' title='bbox 1453 3889 1619 3940; x_wconf 87' lang='lat' dir='ltr'><strong>dictos</strong></span> <span class='ocrx_word' id='word_1_320' title='bbox 1672 3906 1788 3942; x_wconf 87' lang='lat' dir='ltr'><strong>esse</strong></span> <span class='ocrx_word' id='word_1_321' title='bbox 1844 3899 2074 3959; x_wconf 75' lang='lat' dir='ltr'><strong>apparet·</strong></span> <span class='ocrx_word' id='word_1_322' title='bbox 2148 3892 2261 3943; x_wconf 88' lang='lat' dir='ltr'><strong>Vid.</strong></span> <span class='ocrx_word' id='word_1_323' title='bbox 2298 3895 2543 3947; x_wconf 87' lang='lat' dir='ltr'><strong>Themist.</strong></span> 
     </span>
     <span class='ocr_line' id='line_1_37' title="bbox 368 3956 2544 4034; baseline 0.005 -25"><span class='ocrx_word' id='word_1_324' title='bbox 368 3957 454 4009; x_wconf 85' lang='lat' dir='ltr'><strong>Or.</strong></span> <span class='ocrx_word' id='word_1_325' title='bbox 500 3956 684 4008; x_wconf 84' lang='lat' dir='ltr'><strong>xxut.</strong></span> <span class='ocrx_word' id='word_1_326' title='bbox 728 3972 845 4025; x_wconf 82' lang='lat' dir='ltr'><strong>pag.</strong></span> <span class='ocrx_word' id='word_1_327' title='bbox 875 3959 997 4012; x_wconf 84' lang='grc'><strong>286.</strong></span> <span class='ocrx_word' id='word_1_328' title='bbox 1037 3959 1181 4027; x_wconf 79' lang='grc'><strong>(347.</strong></span> <span class='ocrx_word' id='word_1_329' title='bbox 1216 3959 1411 4032; x_wconf 87' lang='lat' dir='ltr'><strong>Dind.)‚</strong></span> <span class='ocrx_word' id='word_1_330' title='bbox 1446 3959 1679 4012; x_wconf 83' lang='lat' dir='ltr'><strong>Eustath.</strong></span> <span class='ocrx_word' id='word_1_331' title='bbox 1719 3961 1783 4012; x_wconf 86' lang='lat' dir='ltr'><strong>ad</strong></span> <span class='ocrx_word' id='word_1_332' title='bbox 1816 3960 1878 4013; x_wconf 92' lang='lat'><strong>11.</strong></span> <span class='ocrx_word' id='word_1_333' title='bbox 1920 3961 1992 4012; x_wconf 90' lang='lat' dir='ltr'><strong>lib</strong></span> <span class='ocrx_word' id='word_1_334' title='bbox 2048 3961 2157 4015; x_wconf 84' lang='lat' dir='ltr'><strong>XV.</strong></span> <span class='ocrx_word' id='word_1_335' title='bbox 2192 3963 2257 4014; x_wconf 83' lang='lat' dir='ltr'><strong>ad</strong></span> <span class='ocrx_word' id='word_1_336' title='bbox 2294 3965 2381 4021; x_wconf 84' lang='lat' dir='ltr'><strong>flu.</strong></span> <span class='ocrx_word' id='word_1_337' title='bbox 2421 3981 2544 4034; x_wconf 81' lang='lat' dir='ltr'><strong>pag.</strong></span> 
     </span>
     <span class='ocr_line' id='line_1_38' title="bbox 372 4026 2546 4101; baseline 0.004 -22"><span class='ocrx_word' id='word_1_338' title='bbox 372 4026 527 4080; x_wconf 83' lang='lat'><strong>1028.</strong></span> <span class='ocrx_word' id='word_1_339' title='bbox 590 4026 669 4077; x_wconf 88' lang='lat' dir='ltr'><strong>ed.</strong></span> <span class='ocrx_word' id='word_1_340' title='bbox 721 4027 878 4080; x_wconf 84' lang='lat' dir='ltr'><strong>Basil.</strong></span> <span class='ocrx_word' id='word_1_341' title='bbox 944 4029 1079 4082; x_wconf 85' lang='lat'>1560</span> <span class='ocrx_word' id='word_1_342' title='bbox 1110 4068 1124 4090; x_wconf 84' lang='grc'><strong>.</strong></span> <span class='ocrx_word' id='word_1_343' title='bbox 1192 4029 1336 4083; x_wconf 86' lang='lat' dir='ltr'><strong>Phot.</strong></span> <span class='ocrx_word' id='word_1_344' title='bbox 1389 4045 1505 4098; x_wconf 77' lang='lat' dir='ltr'><strong>pag.</strong></span> <span class='ocrx_word' id='word_1_345' title='bbox 1552 4031 1674 4084; x_wconf 82' lang='lat'><strong>528.</strong></span> <span class='ocrx_word' id='word_1_346' title='bbox 1735 4031 1877 4084; x_wconf 85' lang='lat' dir='ltr'><strong>Pors.</strong></span> <span class='ocrx_word' id='word_1_347' title='bbox 1970 4034 2141 4101; x_wconf 83' lang='lat' dir='ltr'><strong>Atque</strong></span> <span class='ocrx_word' id='word_1_348' title='bbox 2202 4045 2345 4087; x_wconf 88' lang='lat' dir='ltr'><strong>recte</strong></span> <span class='ocrx_word' id='word_1_349' title='bbox 2402 4035 2546 4088; x_wconf 80' lang='lat' dir='ltr'><strong>Pho·</strong></span> 
     </span>
     <span class='ocr_line' id='line_1_39' title="bbox 369 4093 2541 4172; baseline 0.005 -23"><span class='ocrx_word' id='word_1_350' title='bbox 369 4099 511 4149; x_wconf 84' lang='lat' dir='ltr'><strong>tius:</strong></span> <span class='ocrx_word' id='word_1_351' title='bbox 573 4100 892 4168; x_wconf 73' lang='grc' dir='ltr'><strong><em>Σοφιστής·</em></strong></span> <span class='ocrx_word' id='word_1_352' title='bbox 984 4119 1067 4154; x_wconf 81' lang='grc' dir='ltr'><strong>πα</strong></span> <span class='ocrx_word' id='word_1_353' title='bbox 1106 4093 1141 4152; x_wconf 78' lang='grc' dir='ltr'>ἀ</span> <span class='ocrx_word' id='word_1_354' title='bbox 1208 4098 1268 4154; x_wconf 80' lang='grc' dir='ltr'><strong>τὸ</strong></span> <span class='ocrx_word' id='word_1_355' title='bbox 1317 4106 1678 4172; x_wconf 77' lang='grc' dir='ltr'><strong><em>σοφίζεσθαι.</em></strong></span> <span class='ocrx_word' id='word_1_356' title='bbox 1774 4102 1897 4153; x_wconf 89' lang='lat' dir='ltr'><strong>Nam</strong></span> <span class='ocrx_word' id='word_1_357' title='bbox 1950 4104 2088 4171; x_wconf 89' lang='lat' dir='ltr'><strong>quod</strong></span> <span class='ocrx_word' id='word_1_358' title='bbox 2145 4115 2350 4170; x_wconf 85' lang='lat' dir='ltr'><strong>practer</strong></span> <span class='ocrx_word' id='word_1_359' title='bbox 2409 4105 2541 4160; x_wconf 85' lang='lat' dir='ltr'><strong>alios</strong></span> 
     </span>
     <span class='ocr_line' id='line_1_40' title="bbox 366 4167 2540 4241; baseline 0.005 -21"><span class='ocrx_word' id='word_1_360' title='bbox 366 4169 760 4220; x_wconf 81' lang='lat' dir='ltr'><strong>&#39;l&#39;ennemannus</strong></span> <span class='ocrx_word' id='word_1_361' title='bbox 812 4167 941 4219; x_wconf 78' lang='lat' dir='ltr'><strong>Hist.</strong></span> <span class='ocrx_word' id='word_1_362' title='bbox 989 4170 1117 4236; x_wconf 86' lang='lat' dir='ltr'><strong>phi.</strong></span> <span class='ocrx_word' id='word_1_363' title='bbox 1168 4177 1289 4221; x_wconf 89' lang='lat' dir='ltr'><strong>tom.</strong></span> <span class='ocrx_word' id='word_1_364' title='bbox 1331 4170 1371 4223; x_wconf 92' lang='lat'><strong>1.</strong></span> <span class='ocrx_word' id='word_1_365' title='bbox 1413 4186 1534 4238; x_wconf 84' lang='lat' dir='ltr'><strong>pag.</strong></span> <span class='ocrx_word' id='word_1_366' title='bbox 1573 4173 1717 4235; x_wconf 70' lang='lat'><strong>354,</strong></span> <span class='ocrx_word' id='word_1_367' title='bbox 1772 4173 2018 4241; x_wconf 80' lang='lat' dir='ltr'><strong>Hegelius</strong></span> <span class='ocrx_word' id='word_1_368' title='bbox 2069 4175 2242 4228; x_wconf 82' lang='lat' dir='ltr'><strong>Schoi.</strong></span> <span class='ocrx_word' id='word_1_369' title='bbox 2298 4177 2362 4229; x_wconf 88' lang='lat' dir='ltr'><strong>de</strong></span> <span class='ocrx_word' id='word_1_370' title='bbox 2411 4177 2540 4230; x_wconf 81' lang='lat' dir='ltr'><strong>Hist.</strong></span> 
     </span>
     <span class='ocr_line' id='line_1_41' title="bbox 373 4237 2545 4319; baseline 0.006 -30"><span class='ocrx_word' id='word_1_371' title='bbox 373 4238 499 4305; x_wconf 85' lang='lat' dir='ltr'><strong>phil.</strong></span> <span class='ocrx_word' id='word_1_372' title='bbox 538 4248 660 4289; x_wconf 90' lang='lat' dir='ltr'><strong>tom.</strong></span> <span class='ocrx_word' id='word_1_373' title='bbox 700 4237 765 4289; x_wconf 86' lang='lat'><strong>11.</strong></span> <span class='ocrx_word' id='word_1_374' title='bbox 808 4254 925 4306; x_wconf 86' lang='lat' dir='ltr'><strong>pag.</strong></span> <span class='ocrx_word' id='word_1_375' title='bbox 965 4240 1016 4290; x_wconf 82' lang='lat'><strong>5.</strong></span> <span class='ocrx_word' id='word_1_376' title='bbox 1058 4249 1110 4291; x_wconf 90' lang='lat' dir='ltr'><strong>et</strong></span> <span class='ocrx_word' id='word_1_377' title='bbox 1146 4240 1410 4292; x_wconf 81' lang='lat' dir='ltr'><strong>Herbstius</strong></span> <span class='ocrx_word' id='word_1_378' title='bbox 1447 4257 1565 4309; x_wconf 76' lang='lat' dir='ltr'><strong>pag.</strong></span> <span class='ocrx_word' id='word_1_379' title='bbox 1612 4243 1726 4293; x_wconf 78' lang='lat'><strong>129.</strong></span> <span class='ocrx_word' id='word_1_380' title='bbox 1776 4245 2042 4312; x_wconf 86' lang='lat' dir='ltr'><strong>sophistae</strong></span> <span class='ocrx_word' id='word_1_381' title='bbox 2077 4261 2261 4297; x_wconf 86' lang='lat' dir='ltr'><strong>nomen</strong></span> <span class='ocrx_word' id='word_1_382' title='bbox 2300 4263 2329 4297; x_wconf 84' lang='lat' dir='ltr'><strong>a</strong></span> <span class='ocrx_word' id='word_1_383' title='bbox 2369 4256 2545 4319; x_wconf 76' lang='grc' dir='ltr'><strong><em>σοφί-</em></strong></span> 
     </span>
     <span class='ocr_line' id='line_1_42' title="bbox 374 4308 2544 4378; baseline 0.005 -19"><span class='ocrx_word' id='word_1_384' title='bbox 374 4314 482 4371; x_wconf 80' lang='grc' dir='ltr'><strong>ζειν</strong></span> <span class='ocrx_word' id='word_1_385' title='bbox 522 4308 797 4369; x_wconf 81' lang='lat' dir='ltr'><strong>deducunt,</strong></span> <span class='ocrx_word' id='word_1_386' title='bbox 838 4318 892 4359; x_wconf 91' lang='lat' dir='ltr'><strong>ut</strong></span> <span class='ocrx_word' id='word_1_387' title='bbox 929 4310 994 4359; x_wconf 89' lang='lat' dir='ltr'><strong>sit</strong></span> <span class='ocrx_word' id='word_1_388' title='bbox 1029 4310 1115 4378; x_wconf 81' lang='lat' dir='ltr'><strong>q&#39;ui</strong></span> <span class='ocrx_word' id='word_1_389' title='bbox 1154 4313 1413 4378; x_wconf 85' lang='lat' dir='ltr'><strong>sapientes</strong></span> <span class='ocrx_word' id='word_1_390' title='bbox 1453 4312 1574 4362; x_wconf 84' lang='lat' dir='ltr'><strong>facit</strong></span> <span class='ocrx_word' id='word_1_391' title='bbox 1612 4312 1859 4371; x_wconf 82' lang='lat' dir='ltr'><strong>homines,</strong></span> <span class='ocrx_word' id='word_1_392' title='bbox 1897 4315 1962 4366; x_wconf 89' lang='lat' dir='ltr'><strong>de</strong></span> <span class='ocrx_word' id='word_1_393' title='bbox 2001 4331 2064 4367; x_wconf 87' lang='lat' dir='ltr'><strong>eo</strong></span> <span class='ocrx_word' id='word_1_394' title='bbox 2099 4314 2202 4367; x_wconf 83' lang='lat' dir='ltr'><strong>vid.</strong></span> <span class='ocrx_word' id='word_1_395' title='bbox 2229 4317 2544 4371; x_wconf 84' lang='lat' dir='ltr'><strong>llermannus</strong></span> 
     </span>
     <span class='ocr_line' id='line_1_43' title="bbox 370 4378 1914 4448; baseline 0.001 -15"><span class='ocrx_word' id='word_1_396' title='bbox 370 4379 500 4434; x_wconf 70' lang='lat' dir='ltr'><strong>nist.</strong></span> <span class='ocrx_word' id='word_1_397' title='bbox 543 4378 669 4447; x_wconf 85' lang='lat' dir='ltr'><strong>phil.</strong></span> <span class='ocrx_word' id='word_1_398' title='bbox 707 4378 832 4431; x_wconf 68' lang='lat' dir='ltr'><strong>Plan.</strong></span> <span class='ocrx_word' id='word_1_399' title='bbox 876 4387 992 4432; x_wconf 87' lang='lat' dir='ltr'><strong>tom.</strong></span> <span class='ocrx_word' id='word_1_400' title='bbox 1031 4381 1051 4432; x_wconf 83' lang='grc' dir='ltr'>Ι</span> <span class='ocrx_word' id='word_1_401' title='bbox 1110 4397 1227 4448; x_wconf 83' lang='lat' dir='ltr'><strong>pag.</strong></span> <span class='ocrx_word' id='word_1_402' title='bbox 1265 4383 1383 4436; x_wconf 64' lang='lat'><strong>204.</strong></span> <span class='ocrx_word' id='word_1_403' title='bbox 1425 4399 1540 4437; x_wconf 86' lang='lat' dir='ltr'><strong>cum</strong></span> <span class='ocrx_word' id='word_1_404' title='bbox 1582 4392 1754 4437; x_wconf 81' lang='lat' dir='ltr'><strong>annot.</strong></span> <span class='ocrx_word' id='word_1_405' title='bbox 1795 4385 1914 4438; x_wconf 68' lang='lat'><strong>204.</strong></span> 
     </span>
    </p>
   </div>
   <div class='ocr_carea' id='block_1_6' title="bbox 2405 4486 2432 4520">
    <p class='ocr_par' dir='ltr' id='par_1_6' title="bbox 2405 4486 2432 4520">
     <span class='ocr_line' id='line_1_44' title="bbox 2405 4486 2432 4520; baseline 0 0"><span class='ocrx_word' id='word_1_406' title='bbox 2405 4486 2432 4520; x_wconf 62' lang='lat' dir='ltr'><strong>t*</strong></span> 
     </span>
    </p>
   </div>
  </div>
 </body>
</html>
