2975 4959
1257 283 1798 358 ...144-

418 478 637 563 ,λέγων
687 472 862 559 παρά
903 473 1218 560 Σωκράτει
1262 469 1424 541 εἶναι
1482 471 1590 538 τὸν
1627 466 1846 569 ὅᾷικον
1888 471 2111 555 λόγον·
2197 472 2275 535 οὔ
2327 466 2441 551 γὰρ
2487 470 2621 532 Em·

435 582 668 667 κράτης
723 581 884 647 ἀλλὰ
940 581 1385 666 Πρωταγόρας
1442 577 1474 644 ὅ
1532 582 1902 663 Ἀβδηρίτης
1967 582 2201 665 ἐφεῦρε
2262 578 2454 643 αὐτὸν
2511 582 2624 642 κατ’

432 692 783 755 ἐδίδασκεν.
866 693 989 757 Sed
1033 694 1345 757 Socratem
1387 692 1816 773 phrontisterio
1879 691 2247 771 praefectum
2307 706 2448 750 esse
2491 704 2613 748 non

431 806 526 862 est
568 801 731 880 quod
769 803 1073 866 miremur.
1159 802 1409 866 Ridetur
1452 801 1613 862 enim
1657 800 1933 880 primaria
1975 798 2465 879 philosophorum
2509 796 2608 878 qui

430 916 574 971 tunc
618 916 791 972 erant
832 911 989 972 ratio
1017 956 1036 991 ‚
1097 928 1211 991 qua
1265 927 1486 973 novam
1529 909 1790 990 ingressi
1832 909 1988 970 viam
2037 908 2363 988 cogitando
2410 906 2607 968 omnia

434 1017 596 1080 effici
654 1025 930 1099 putarent
994 1025 1172 1100 atque
1236 1019 1410 1081 vanis
1469 1017 1764 1083 interdum
1826 1023 1888 1077 et
1948 1017 2164 1095 ineptis
2236 1015 2617 1095 quaestioni-

430 1126 545 1191 bus
604 1144 848 1207 operam
893 1132 1203 1189 navarent.
1289 1127 1702 1207 sophistarum
1764 1126 1946 1206 igitur
1989 1130 2131 1186 tunc
2176 1124 2611 1187 celeberrimo-

424 1250 556 1303 rum
602 1220 799 1298 studia
842 1235 959 1296 hac
1001 1235 1664 1318 μεριμνοφροντιστῶν
1714 1232 1923 1295 schola
1969 1232 2275 1312 amplexus
2318 1237 2439 1309 est,
2483 1231 2609 1294 So·

428 1349 652 1405 cratem
699 1359 847 1405 vero
891 1341 1379 1423 philosophorum
1439 1340 1898 1405 Atheniensium
1959 1340 2113 1402 itlius
2156 1340 2442 1419 temporis
2488 1356 2612 1399 no·-

428 1451 720 1513 tissimum
786 1451 1135 1532 magistrum
1204 1466 1411 1511 eorum
1476 1448 1664 1509 finxit.
1728 1483 1810 1495 ·--
1876 1447 2152 1513 Ceterum
2227 1446 2611 1513 falsissimum

432 1565 527 1620 est
570 1558 732 1640 quod
775 1558 1081 1638 Kayserus
1128 1557 1223 1638 ed,
1271 1556 1602 1618 Philostrat.
1652 1573 1789 1638 pag.
1837 1557 1977 1618 200.
2027 1557 2143 1619 ait:
2221 1555 2389 1636 „lpse
2447 1557 2610 1617 anti-

426 1682 601 1746 quam
642 1682 812 1729 suam
855 1673 1042 1729 artem
1100 1682 1238 1726 esse
1276 1665 1717 1742 contendebat,
1769 1665 1889 1726 vid.
1931 1665 2075 1727 Plat.
2118 1665 2275 1727 Prot.
2319 1663 2465 1741 316,
2504 1665 2610 1725 ubi

423 1767 591 1856 ἥττω
631 1769 835 1852 λόγον
870 1774 1134 1853 κρείττω
1182 1771 1404 1849 fecisse
1458 1773 1578 1833 iam
1622 1771 1943 1833 Homerum
2002 1772 2255 1835 affirmat
2311 1772 2611 1852 Protago-

424 1897 565 1944 ras:
613 1879 771 1942 adde
810 1881 1006 1942 Tzetz.
1038 1879 1186 1942 Chii.
1227 1879 1328 1942 XI.
1371 1880 1558 1942 7132«
1611 1880 1787 1947 'Nam
1816 1879 2075 1942 Platonis
2113 1881 2252 1943 loco
2298 1898 2377 1941 ne
2416 1880 2605 1942 verbo

425 1988 662 2070 quidem
701 1990 967 2069 tangitur
1006 1987 1147 2050 iilud
1189 1983 1356 2070 ἥττω
1396 1985 1576 2068 λόγων
1618 1990 1884 2070 κρείττω
1928 1995 2169 2063 ποιεῖ’κ,
2238 1987 2348 2051 sed
2394 1989 2606 2051 Prota-

422 2114 611 2180 goras
674 2098 787 2159 iam
842 2097 1162 2159 Homerum
1226 2097 1574 2171 exercuisse
1632 2097 1715 2158 ait
1771 2101 1957 2159 artem
2006 2096 2388 2177 sophisticam
2411 2142 2430 2175 ‚
2491 2114 2605 2176 qua

423 2206 701 2269 homines
738 2205 1022 2268 meliores
1063 2204 1493 2267 redderentur:
1557 2204 1719 2284 vulgi
1759 2221 1908 2266 vero
1952 2203 2231 2266 invidiam
2290 2212 2355 2266 ut
2409 2207 2607 2267 evita-

422 2320 561 2393 ret,
604 2332 726 2377 non
769 2314 965 2395 palam
1023 2313 1180 2374 hanc
1222 2318 1409 2374 artem
1452 2313 1786 2392 professum
1851 2330 1989 2374 esse
2017 2358 2034 2388 ‚
2091 2313 2199 2374 sed
2246 2314 2606 2376 carminibus

425 2423 840 2489 absconditam
904 2420 1247 2484 hominibus
1307 2420 1656 2501 tradidisse.
1740 2421 1852 2482 Vix
1911 2422 2151 2502 quidem
2209 2422 2301 2485 ita·
2357 2423 2608 2484 dixisset

426 2534 521 2592 vir
561 2531 776 2592 doctus
818 2529 960 2607 ille,
1010 2529 1065 2592 si
1108 2529 1237 2609 ipse
1281 2528 1585 2591 Platonem
1628 2529 1986 2608 evolvisset,
2041 2547 2278 2610 neque,
2334 2530 2392 2593 id
2440 2530 2599 2610 quod

423 2641 555 2720 ptus
599 2637 786 2701 semel
830 2637 991 2717 fecit,
1037 2637 1298 2701 Herbstii
1341 2637 1528 2699 verba
1575 2648 1742 2721 (pag.
1787 2638 1958 2714 130.)
2002 2640 2384 2718 paucioribus
2428 2656 2603 2701 com-

420 2746 725 2829 prehensa
760 2747 1023 2813 ‘reddere
1066 2747 1216 2810 satis
1262 2744 1589 2809 habuisset.
1676 2746 1805 2820 Qua
1853 2747 2088 2827 quidem
2140 2748 2201 2810 in
2245 2766 2311 2810 re
2358 2735 2604 2828 insuper

422 2857 827 2940 negligentius
880 2862 1154 2921 versatus
1216 2861 1330 2918 est.
1414 2855 1724 2919 Herbstius
1785 2857 1945 2917 enim
1990 2856 2250 2949 Platonis
2307 2856 2447 2919 loco
2499 2857 2600 2919 iilo
2691 2938 2705 2951 ἢ

420 2969 571 3031 nihil
610 2969 1026 3030 demonstrare
1066 2965 1255 3028 voluit
1297 2967 1413 3028 nisi
1471 2966 1633 3046 quod
1685 2967 1889 3031 inesse
1932 2966 2126 3028 modo·
2159 2968 2271 3047 ipsi
2324 2967 2597 3061 diximus3

428 3077 595 3138 Haec
619 3081 812 3137 autem
835 3073 1095 3135 Herbstii
1116 3074 1329 3135 verba:
1376 3073 1524 3153 „Mir
1542 3072 1778 3135 scheint
1802 3074 1934 3135 dies
1963 3074 2289 3157 deswegen
2321 3075 2486 3137 nicht
2527 3092 2598 3138 so

427 3201 588 3264 ganz
632 3200 768 3245 vom
819 3181 981 3243 Plato
1024 3179 1319 3245 erdichtet
1365 3199 1442 3243 zu
1501 3183 1633 3242 sein
1678 3219 1761 3231 —
1801 3182 1940 3244 weil
1978 3184 2228 3247 Tzetzes
2271 3184 2419 3246 Hist.
2452 3184 2597 3245 ehu.

326 3296 349 3313 ‘
426 3292 528 3356 XI.
576 3291 720 3355 713.
785 3307 926 3352 vom
987 3289 1348 3370 Protagaras
1409 3296 1594 3371 sagt‚
1663 3307 1731 3352 er
1804 3291 1992 3352 weiss
2051 3292 2205 3355 nach
2265 3293 2385 3354 wie
2449 3291 2600 3355 auch

424 3400 650 3474 Homer
694 3397 889 3463 schon
939 3415 1016 3459 an
1057 3390 1377 3463 mehreren
1422 3397 1648 3483 stetten
1691 3398 1821 3461 sich
1867 3397 1975 3461 des
2018 3392 2215 3479 ἥττων
2261 3395 2439 3479 λόγος
2481 3401 2599 3463 be·-

427 3508 592 3573 dient
619 3506 809 3569 habe“
848 3522 1016 3568 mera
1046 3505 1306 3569 Herbstii
1357 3505 1724 3586 negligentia
1773 3507 2049 3582 nituntur,
2093 3509 2192 3586 qui
2240 3506 2315 3568 ad
2360 3509 2602 3585 ἐλέγχει

418 3637 474 3679 v.
517 3615 659 3683 713.
700 3615 958 3695 itemque
1006 3612 1084 3675 ad
1127 3612 1319 3689 δείξει
1361 3632 1416 3676 v.
1463 3613 1608 3675 717.
1660 3615 1988 3687 subiectum
2043 3618 2345 3696 pertinere
2395 3614 2594 3696 Πρω-

417 3721 693 3802 ταγὸρας
736 3722 1111 3801 opinabatur,
1163 3736 1295 3782 cum
1338 3722 1421 3785 sit
1460 3721 1712 3785 Tzetzes
1762 3723 1927 3802 ipse,
1967 3725 2067 3804 qui
2111 3723 2187 3784 de
2233 3739 2303 3784 se
2345 3723 2600 3802 loquens
2727 3736 2732 3741 ·

423 3830 597 3893 tertia
634 3829 720 3893 uti
760 3828 917 3893 solet
951 3845 1236 3909 persona.

631 3936 838 4017 Neque
907 3956 1055 3999 vero
1130 3943 1414 4007 accurate
1486 3938 1707 4000 dictum
1782 3945 1919 4014 est,
1991 3939 2152 4020 quod
2221 3956 2342 4001 non
2404 3938 2597 4009 solum

420 4046 578 4126 apud
643 4045 1001 4127 Stephanum
1063 4038 1452 4128 Byzantium}
1517 4047 1935 4128 Aristophanis
1997 4047 2404 4127 scholiastam,
2445 4048 2603 4109 Tze-

420 4163 574 4221 tzem
637 4175 696 4217 v.
743 4154 884 4219 697.
951 4157 1145 4237 iisque
1208 4174 1263 4236 q.
1326 4174 1495 4238 seqq.
1523 4203 1542 4234 ‚
1612 4158 1720 4221 sed
1782 4159 1958 4218 etiam
2021 4156 2175 4237 apud
2240 4156 2603 4237 Aristopha-

418 4282 556 4326 nem
602 4266 790 4345 ipsum
847 4263 1001 4325 locis
1058 4281 1237 4344 supra
1296 4263 1552 4326 laudatis
1610 4265 1863 4346 legitur,
1920 4265 2305 4346 Protagoram
2347 4262 2451 4331 τὸν
2496 4258 2602 4343 ἦτ-

359 4396 525 4464 χτω,
576 4367 752 4453 λόγον
809 4372 1115 4437 invenisse
1157 4379 1334 4454 atque
1393 4372 1716 4451 docuisse,
1780 4378 2057 4453 tanquam
2105 4381 2269 4469 esset
2317 4370 2348 4434 ὃ
2400 4366 2602 4454 ἥττων

2963 2576 2969 2779 ᾼᾼᾼᾼᾼ
2955 2446 2968 2507 Β
2953 2168 2967 2343 ι-μ
2943 2066 2967 2113 j:
2965 1958 2966 2005 ⁴„
2961 1852 2964 1869 Α
