2975 4959
1254 282 1795 352 -126-

448 471 661 550 quibus
703 472 857 552 nigri
904 466 1048 531 nihil
1090 470 1432 537 admistum:
1478 470 1588 531 sed
1641 487 1718 530 ne
1760 469 1820 531 id
1864 469 2124 548 quidem,
2165 469 2325 549 quod
2350 486 2472 532 non
2519 477 2623 533 to-

442 585 558 640 tum
603 580 681 642 sit
719 579 936 640 bonurn
963 625 981 655 ‚
1043 579 1224 640 modo
1269 596 1346 641 ne
1408 586 1592 640 totum
1635 580 1716 639 sit
1755 577 2007 653 malum,
2068 580 2512 658 reprehendere
2551 600 2623 643 se

434 688 635 749 solere
677 688 778 750 ait.
865 687 980 761 Qui
1022 687 1203 768 igitur
1244 688 1399 749 haec
1443 688 1630 749 verba
1674 689 1927 762 recitat,
1989 688 2046 747 ei
2089 694 2224 766 post
2266 681 2423 750 ἑκών
2463 706 2618 751 voce
2686 663 2692 668 ’

439 796 756 875 paullulum
803 796 1246 858 subsistendum
1291 803 1384 859 est
1410 841 1428 871 ‚
1487 812 1566 856 ne
1624 796 1756 874 quis
1800 793 1942 856 illud
2005 811 2136 855 cum
2181 797 2273 856 eis
2314 814 2470 877 quae
2510 813 2619 859 se-

436 910 693 982 quuntur
732 905 1076 985 coniungat.
1160 903 1367 983 Neque
1414 902 1530 964 alia
1563 903 1641 965 de
1686 919 1869 965 causa
1895 902 2379 983 Mytilenaeorum
2421 904 2618 967 forma

425 1015 610 1074 utitur
670 1014 1070 1097 (sancteque),
1139 1029 1313 1091 quam
1376 1013 1515 1092 quia
1563 1018 1773 1075 contra
1818 1011 2100 1073 Pittacum
2126 1016 2252 1073 ‘est
2303 1013 2611 1091 scriptum.

427 1121 513 1182 Tu
557 1121 754 1199 igitur,
797 1120 986 1198 inquit
1024 1126 1223 1198 poeta,
1267 1136 1304 1180 o
1347 1119 1602 1196 Pittace‚
1638 1118 2170 1199 reprehensionem
2212 1135 2404 1181 meam
2449 1118 2610 1181 effu-

419 1229 622 1309 gisses
665 1231 718 1290 si
762 1226 956 1308 aliqua
1000 1234 1166 1289 certe
1230 1246 1308 1289 ex
1353 1234 1525 1308 parte
1590 1245 1736 1290 vere
1783 1234 2037 1308 apteque
2101 1227 2338 1289 locutus
2399 1245 2612 1289 esses:

420 1335 534 1398 sed
576 1353 707 1397 cum
753 1337 830 1399 de
877 1353 945 1398 re
983 1336 1339 1418 gravissima
1387 1343 1700 1416 tantopere
1743 1336 1828 1397 sis
1871 1335 2095 1411 falsus,
2152 1333 2272 1397 hoc
2312 1342 2405 1397 est
2446 1336 2611 1416 quod

422 1455 482 1507 te
525 1444 982 1525 reprehendam.
1290 1526 1293 1529 Ἴ
1376 1519 1385 1525 ‚

588 1557 788 1633 Atque
844 1553 926 1615 ita
995 1551 1122 1612 fere
1169 1551 1473 1614 Socrates.
1562 1549 1744 1611 Cuius
1785 1550 2244 1629 explicationem
2291 1551 2606 1611 maximam

300 1691 309 1697 ·
417 1667 648 1740 partem
711 1677 850 1722 esse
908 1659 1321 1740 pravissimam
1367 1675 1545 1718 nemo
1599 1665 1695 1719 est
1736 1659 1876 1736 quin
1937 1657 2153 1719 videat.
2242 1658 2428 1731 Quam
2475 1676 2602 1718 rem

419 1785 551 1828 cum
597 1767 757 1829 multi
800 1767 1136 1828 exstiterint
1181 1767 1279 1847 qui
1321 1767 1710 1846 mirarentur,
1752 1784 1847 1827 me
1893 1766 2130 1844 quidem
2171 1782 2294 1826 non
2335 1765 2603 1826 offendit.

416 1875 479 1937 Si
541 1876 674 1955 quis
735 1876 892 1959 enim
949 1880 1135 1936 totum
1197 1874 1357 1936 hunc
1425 1874 1727 1954 dialogum
1794 1874 2115 1954 diligenter
2162 1873 2474 1953 perlegat,
2541 1875 2602 1933 in

416 1999 661 2063 quoque
708 1983 841 2044 fere
904 1984 1175 2046 Socratis
1223 1983 1412 2043 verbo
1460 1982 1826 2043 salsissimas
1870 1989 2050 2060 alque
2093 1981 2466 2044 acutissimas
2511 1981 2608 2040 ina

417 2108 557 2152 esse
608 2091 1027 2175 cavillationes
1085 2089 1392 2171 intelliget.
1481 2089 1611 2150 Huc
1672 2096 1813 2150 ante
1859 2090 2058 2151 omnia
2101 2088 2162 2150 id
2221 2087 2601 2149 referendum

412 2206 544 2273 est,
611 2199 770 2279 quod
813 2199 954 2261 inde
999 2215 1035 2260 a
1072 2199 1265 2279 primo
1310 2200 1597 2277 temporis
1640 2203 1942 2259 momento
1968 2241 1988 2273 ‚
2050 2211 2170 2276 quo
2214 2196 2599 2276 Protagoram

416 2307 546 2386 ipse
589 2324 720 2368 cum
765 2307 1126 2386 Hippocrate
1171 2305 1482 2381 adierunt,
1548 2312 1610 2366 et
1647 2305 1765 2366 iam
1820 2310 1995 2365 antea
2039 2294 2600 2382 sumniam‘semper

418 2415 726 2496 sophistae
782 2410 1236 2475 admirationem
1287 2413 1553 2489 simulat,
1615 2419 1677 2474 ut
1735 2430 1921 2474 aureo
1970 2412 2261 2475 orationis
2309 2412 2453 2479 eius
2482 2410 2603 2472 flu-

416 2525 599 2596 mine,
644 2524 1012 2604 argumentis
1057 2523 1306 2601 copiose
1352 2522 1663 2600 expositiS‚
1708 2521 1971 2583 flosculis
2018 2521 2333 2602 eleganter
2379 2536 2595 2602 asper-

419 2632 505 2692 sis
549 2648 733 2711 saepe
781 2632 950 2712 quasi
996 2630 1294 2711 vertigine
1338 2636 1677 2709 correptum
1725 2628 1794 2690 se
1837 2630 2016 2705 dicat,
2063 2636 2126 2690 ut
2170 2647 2305 2709 pag.
2342 2628 2485 2691 328.
2519 2629 2593 2704 D,

408 2739 552 2802 339.
599 2740 667 2801 Ε.
754 2741 838 2802 lta
886 2757 962 2802 eo
1008 2756 1245 2821 quoque
1292 2739 1644 2818 discipulum
1707 2740 1831 2819 agit
1873 2739 2323 2812 attentissimum
2353 2783 2372 2814 ‚
2430 2738 2588 2818 quod

407 2852 609 2910 statim·
665 2864 811 2910 suae
870 2865 1110 2929 quoque
1181 2847 1521 2927 explicandi
1587 2848 1730 2907 artis
1792 2846 2115 2926 periculum
2175 2846 2380 2908 facere
2448 2847 2590 2922 vult,

406 2973 524 3035 quo
569 2957 806 3036 quidem
856 2957 1096 3018 nonnisi
1145 2956 1202 3017 id
1248 2956 1473 3017 habere
1516 2955 1754 3016 videtur
1794 2955 2149 3030 consilium,
2190 2960 2253 3016 ut
2296 2954 2589 3034 Protago-

404 3082 513 3125 rae
557 3066 616 3124 in
662 3065 876 3147 talibus
917 3065 1101 3125 rebus
1145 3064 1427 3124 versandi
1474 3066 1768 3124 rationem
1821 3080 1953 3124 cum
2017 3062 2395 3124 cavillatione
2452 3062 2588 3121 imi-

405 3179 577 3234 tetur.
687 3173 1000 3234 Prooemio
1064 3172 1458 3251 sophistarum
1524 3189 1694 3232 more
1758 3170 1998 3251 longius
2064 3188 2238 3249 quam
2298 3185 2449 3249 opus
2495 3176 2590 3231 est

289 3277 295 3284 ’
406 3286 714 3369 evagatur.
802 3279 1091 3342 Plurimos
1138 3297 1278 3340 esse
1324 3278 1622 3358 sophistas
1668 3281 1729 3339 in
1774 3279 2232 3340 Lacedaemone
2280 3295 2354 3339 ac
2386 3278 2585 3353 Creta,

403 3388 513 3450 scd
560 3389 655 3468 qui
702 3394 889 3450 artem
931 3404 1098 3449 suam
1147 3389 1360 3462 celent,
1403 3406 1479 3447 ne
1526 3387 1624 3448 alii
1666 3386 2049 3466 perdiscant3
2096 3387 2420 3467 quo'dicto
2462 3385 2580 3446 fal..

402 3498 641 3559 sissimo
680 3497 871 3558 simile
897 3490 1041 3557 illud
1084 3496 1457 3577 Protagorae
1499 3496 1767 3575 respicit,
1814 3503 2000 3583 artem
2045 3495 2431 3576 sophisticam
2475 3510 2586 3574 por

401 3624 539 3668 esse
587 3608 909 3686 antiquam,
949 3604 1061 3666 sed
1108 3605 1240 3666 aliis
1286 3604 1642 3666 occultatam
1690 3604 1876 3669 fuisse
1905 3604 2263 3665 nominibus·
2349 3602 2582 3664 Deinde

402 3714 479 3775 ad
521 3715 728 3776 Pittaci
775 3714 1131 3775 sententiam
1181 3713 1256 3773 de
1305 3731 1419 3793 qua
1466 3714 1772 3791 quaeritur
1831 3712 2275 3792 Simonidisque
2336 3729 2578 3773 carmen

403 3818 658 3895 accedit,
701 3823 779 3882 ita
821 3821 1057 3902 quidem
1085 3866 1103 3898 ‚
1142 3828 1206 3881 ut
1245 3822 1567 3881 verborum
1609 3820 1977 3903 singulorum
2027 3824 2581 3899 enuntiatarumque

395 3931 851 4011 praecipuorum
893 3937 953 3990 et
990 3909 1490 4010 signification-'n
1536 3936 1598 3991 et
1638 3948 1854 3991 nexum
1900 3931 2225 4010 explicans,
2268 3928 2581 4008 utsophi-

398 4047 547 4101 stam
573 4055 716 4099 vere
746 4055 813 4099 se
837 4044 1031 4117 gerat,
1076 4038 1427 4117 pravissime
1470 4039 1816 4118 plerumque
1859 4056 1985 4098 rem
2027 4043 2186 4118 agat.
2249 4036 2322 4098 Ut
2366 4036 2581 4097 Prota-

398 4163 586 4228 goras
649 4148 848 4225 priore
913 4147 1187 4207 oratione
1249 4146 1436 4207 l'usius
1498 4163 1670 4224 quam
1729 4151 1861 4207 erat
1917 4145 2327 4206 necessarium
2372 4142 2577 4223 mytho

397 4256 710 4339 exposuit,
779 4271 988 4315 omnes
1054 4254 1326 4316 homines
1394 4253 1615 4315 indolis
1663 4253 1739 4313 ad
1794 4251 2239 4332 percipiendam
2304 4252 2578 4312 virtutem

392 4365 691 4444 politicam
759 4363 1020 4425 idoneae
1092 4379 1231 4423 esse
1294 4363 1666 4442 ·participe3‚
1732 4360 1908 4421 simili
1963 4360 2093 4422 fere
2155 4361 2391 4421 ratione
2453 4357 2574 4419 uti-
