2975 4959
1248 272 1740 340 ...28-

444 456 690 536 triginta
730 454 851 517 duo
897 460 1098 516 natum
1145 452 1332 516 fuisse
1376 469 1509 516 cum
1554 453 1793 517 Xerxes
1837 454 1899 516 in
1947 453 2260 519 Graeciam
2306 455 2622 519 invaderet

435 562 763 624 memoriae
815 559 1096 643 prodidit.
1179 559 1369 641 Baylii
1417 560 1618 622 animo
1664 560 2120 638 obversabatur,
2164 581 2242 625 ex
2269 562 2622 645 Apollodori

440 669 818 744 rationibuS,
863 667 1073 749 quales
1119 666 1273 746 apud
1322 668 1657 749 Diogenem
1703 666 1855 729 falso
1901 666 2203 748 leguntur,
2247 687 2441 731 annos
2483 676 2622 731 tan-
2669 689 2688 704 ·

435 780 560 838 tum
607 776 849 858 triginta
906 774 1027 837 duo
1077 774 1506 855 Anaxagoram
1570 773 1831 835 vivendo
1888 775 2247 855 explevisse.
2334 777 2620 840 Corsinus

441 880 662 945 deinde
708 882 947 945 disertis
989 883 1194 945 verbis
1242 882 1579 963 olympiade
1620 882 2063 963 septuagesima
2114 889 2304 944 ortum
2347 884 2492 947 dicit
2517 878 2644 962 *);'

431 1025 1369 1164 {22‘1259¹22¹..m03221205‘d2332i.
1401 1054 1468 1161 ‘32
1503 1033 1816 1177 3323..ssss
1856 1037 2619 1177 ¹33‘¹{,‘3..⁸.‘3.¹5”..¹.'52¹2'.⁰23.⁶;

421 1180 700 1247 jusqu'aux
737 1128 1019 1249 co’nqluetes
1058 1180 1419 1232 d'Alexandre.
1497 1181 1769 1247 L'opinion
1807 1147 2142 1247 d'Aulugelle
2194 1190 2274 1232 est
2320 1181 2517 1234 solide:
2576 1182 2617 1233 11

429 1252 607 1302 l'avait
641 1253 852 1317 acquise
891 1266 983 1318 par
1022 1250 1086 1302 de
1124 1251 1324 1303 bonnes
1378 1250 1557 1304 voies:
1613 1251 1650 1303 il
1690 1266 1870 1302 assure
1930 1267 2032 1318 que
2069 1252 2281 1304 Socrate
2321 1254 2445 1303 etait
2495 1253 2615 1320 plus

420 1320 584 1386 jeune
622 1337 724 1389 que
757 1322 1064 1373 Democrite.
1139 1321 1208 1375 Or
1246 1323 1460 1376 Socrate
1510 1330 1714 1373 mourut
1750 1321 1800 1372 la
1840 1323 2095 1387 premiere
2132 1325 2297 1373 611666
2339 1322 2404 1373 (16
2444 1322 2492 1374 la
2528 1324 2616 1377 95.

425 1392 719 1459 olympiade
773 1393 870 1459 age
911 1393 976 1444 de
1015 1393 1081 1445 70
1120 1407 1250 1444 ans:
1306 1393 1343 1443 il
1382 1392 1549 1443 fallait
1587 1392 1721 1443 donc
1757 1408 1859 1459 que
1894 1392 2187 1443 Democrite
2223 1393 2300 1443 fut
2334 1392 2470 1443 alors
2514 1395 2616 1459 age

425 1462 491 1513 de
532 1464 602 1515 80
639 1478 731 1514 ans
770 1479 900 1530 pour
942 1463 993 1514 le
1031 1465 1215 1514 moins.
1290 1463 1330 1514 Il
1375 1478 1440 1513 en
1482 1464 1648 1514 aurait
1686 1463 1821 1514 donc
1857 1478 1921 1514 eu
1972 1462 2088 1529 plus
2127 1463 2192 1513 de
2232 1461 2369 1525 140,
2406 1464 2486 1514 s'il
2526 1467 2615 1516 6111

426 1535 511 1583 ete
546 1548 610 1584 en
645 1535 750 1597 vie,
788 1533 981 1601 lorsqu'
1006 1534 1300 1585 Alexandre
1328 1541 1502 1586 monta
1526 1549 1615 1584 sur
1648 1531 1701 1584 16
1735 1535 1884 1585 trone
1920 1532 1970 1583 la
2009 1536 2054 1585 1.
2092 1534 2259 1584 annee
2298 1533 2363 1585 de
2401 1533 2453 1585 la
2496 1537 2613 1586 111.

425 1603 736 1670 olympiade.
741 1612 769 1640 ‘⁸

566 1691 618 1756 ¹¹²)
661 1691 905 1742 Corsinus
948 1690 985 1740 1.
1020 1690 1085 1741 l..
1146 1690 1523 1756 „Democritum
1561 1689 1662 1741 hoc
1699 1705 1834 1742 anno
1872 1689 2398 1759 (Ol.LXX1.a.1)
2438 1697 2612 1741 natum
2661 1681 2666 1686 ’

425 1761 730 1827 putaverim.
799 1760 1098 1827 Thrasyllus
1135 1761 1339 1828 quidem
1377 1760 1513 1844 apud
1555 1761 1811 1812 Laertium
1844 1761 1962 1828 (lib.
1985 1751 2070 1812 IX.
2112 1774 2222 1827 seg.
2257 1759 2371 1830 41.)
2408 1762 2610 1824 asserit,

421 1833 591 1898 ipsum
630 1846 766 1882 anno
800 1832 852 1884 3.
891 1831 1008 1898 Oly.
1045 1831 1297 1884 LXXVII.
1334 1836 1438 1882 urio
1496 1839 1616 1882 ante
1650 1832 1911 1884 Socratem
1968 1846 2104 1882 anno
2150 1832 2205 1881 in
2260 1830 2431 1882 lucem
2476 1846 2605 1898 pro-

423 1900 601 1965 diisse,
641 1901 777 1969 quod
813 1902 1158 1972 Apollodorus
1202 1901 1320 1969 Oly.
1340 1903 1543 1955 LXXX.
1580 1903 1864 1986 contigisse
1897 1903 2102 1954 scribit:
2142 1902 2378 1986 Γεγόνοι
2418 1903 2479 1956 δὲ
2513 1901 2607 1967 ἄν,
2654 1944 2662 1950 .

423 1965 2447 2113 xz.e.³⁷.9233.⁰³f.⁰.‘1.⁰20‘'zizffi'ssz‘tzatz'z‘tt.23.‘53.}²⁰“5225m2135.⁷'
2454 1973 2610 2094 2‘2‘55.

419 2115 631 2181 9631616.
730 2114 912 2182 Itaque
961 2114 1193 2166 Laertius
1246 2116 1301 2165 in
1354 2115 1451 2165 hac
1513 2113 1788 2180 hypothesi
1850 2129 1969 2165 mox
2030 2114 2197 2178 dixit,
2266 2115 2613 2165 Democritum

418 2186 726 2251 Anaxagora
767 2185 1104 2253 quadraginta
1151 2187 1300 2237 annis
1349 2186 1602 2236 iuniorem
1647 2185 1846 2246 fuisse,
1898 2200 2051 2253 quem
2083 2199 2165 2235 ao.
2211 2186 2256 2235 1.
2297 2183 2414 2252 Oly.
2456 2184 2610 2236 LXX.

420 2263 595 2306 natum
637 2270 757 2305 esse
797 2257 896 2307 iam
931 2256 1172 2307 vidimus.
1272 2256 1422 2310 Conf.
1464 2271 1585 2323 pag.
1630 2256 1765 2307 134.
1810 2254 2073 2322 Olympias
2113 2255 2263 2308 LXX.
2304 2257 2351 2307 1.
2393 2285 2455 2297 -
2498 2254 2608 2305 Hac

424 2324 729 2391 Olympiade
764 2357 826 2367 —
868 2327 1227 2394 Anaxagoram
1247 2261 1619 2379 &lazomene‘
1604 2327 1656 2376 in
1695 2323 1865 2376 lucem
1905 2327 2095 2376 editum
2135 2340 2254 2377 esse
2287 2325 2414 2376 dicit
2444 2325 2609 2377 Laer-

423 2396 526 2446 tius
565 2395 656 2445 lib.
696 2394 761 2446 II.
803 2411 966 2463 segm.
1008 2398 1036 2450 7
1059 2434 1074 2460 ,
1130 2396 1289 2464 idque
1340 2413 1456 2448 cum
1512 2396 1605 2447 illo
1641 2396 1770 2447 mire
1807 2397 2099 2459 consentit,
2154 2396 2292 2463 quod
2330 2412 2361 2447 a
2397 2396 2607 2448 Laertio

421 2467 539 2532 ipso
576 2465 794 2529 dicitur,
845 2468 1205 2533 Anaxagoram
1259 2469 1312 2518 in
1360 2469 1542 2520 Xerxis
1592 2467 1843 2529 transitu,
1899 2465 1999 2517 hoc
2037 2474 2118 2518 est
2152 2481 2286 2518 anno
2324 2469 2370 2518 1.
2410 2467 2604 2532 olymp.

419 2535 632 2600 LXXV,
672 2537 972 2587 vicesimum
1013 2539 1195 2588 aetatis
1231 2552 1420 2588 annum
1459 2538 1676 2608 egisse.)
1751 2536 1976 2603 Utraque
2017 2545 2186 2588 tamen
2229 2538 2405 2604 opinio
2445 2537 2604 2588 facile

421 2604 594 2657 refelli
634 2608 837 2673 poterit.
910 2607 1173 2674 Siquidem
1211 2606 1449 2659 Valerius
1493 2608 1740 2659 Maximus
1779 2606 1892 2676 (lib.
1931 2607 2066 2659 VIII.
2103 2622 2217 2673 cap.
2253 2609 2283 2660 7
2289 2612 2329 2678 .)
2364 2615 2416 2659 61
2437 2607 2602 2659 Laer-

422 2678 527 2728 tius
563 2679 699 2748 (seg.
741 2678 855 2746 34.)
898 2678 1103 2729 laudato
1139 2678 1383 2730 llerodoti
1420 2678 1531 2747 (lib
1563 2678 1697 2730 VIII.
1740 2693 1854 2744 cap.
1891 2678 2031 2748 120.)
2073 2680 2366 2730 testimonio
2400 2680 2606 2744 perspi-

423 2762 523 2797 cue
582 2747 770 2811 docet,
827 2750 1001 2815 quod,
1053 2748 1142 2799 ubi
1184 2752 1379 2802 Xerxes
1433 2758 1553 2816 post
1605 2748 1802 2799 cladem
1840 2749 2097 2801 Salamine
2148 2758 2412 2816 acceptam
2453 2765 2527 2810 se
2550 2750 2603 2798 in

420 2818 597 2870 Asiam
638 2820 856 2886 recepit,
893 2789 1133 2871 Abderae
1169 2822 1411 2883 substitit,
1450 2821 1630 2887 ibique
1665 2835 1876 2886 pavore,
1912 2834 2016 2888 quo
2055 2819 2323 2886 perculsus
2361 2819 2604 2872 6116166-

424 2889 505 2938 cia
545 2898 761 2954 repente
801 2889 1088 2958 aufugerat,
1127 2890 1364 2958 deposito
1395 2906 1423 2940 a
1445 2891 1723 2942 Democriti
1763 2898 1908 2958 patre
1944 2890 2324 2956 perhonorifice
2358 2898 2608 2956 exceptus

419 2958 629 3011 Abdera
665 2959 937 3011 discedens
978 2976 1157 3028 magos
1199 2962 1272 3012 ibi
1310 2961 1562 3028 reliquit,
1618 2976 1648 3011 a
1684 2961 1871 3030 quibus
1914 2960 2236 3012 Democritus
2273 2961 2440 3011 adhuc
2478 2976 2608 3026 puer

418 3031 473 3080 in
514 3029 782 3093 Physicis,
825 3030 1167 3098 Astrologicis
1215 3047 1277 3083 ac
1315 3033 1644 3099 'theologicis
1684 3032 1988 3083 erudiretur.
2058 3031 2198 3098 Ergo
2235 3046 2369 3082 anno
2403 3031 2445 3082 1.
2484 3029 2601 3095 Oly.

420 3100 616 3151 LXXV.
654 3100 976 3153 Democritus
1018 3103 1117 3153 iam
1155 3110 1305 3153 natus
1339 3110 1487 3166 erat,
1526 3117 1693 3170 eaque
1731 3110 1934 3166 aetate,
1987 3116 2122 3185 quae
2158 3103 2313 3153 variis
2352 3101 2603 3153 eiusmodi

419 3168 707 3236 disciplinis
759 3183 861 3237 par·
905 3187 1023 3224 esse
1075 3181 1271 3239 posset.
1363 3173 1418 3224 Id
1470 3188 1596 3223 vero
1644 3173 1773 3224 mire
1825 3174 2122 3239 conspirat,
2180 3174 2223 3223 si
2281 3172 2605 3223 Democritus

417 3240 633 3292 ineunte
669 3240 788 3306 Oly.
831 3242 1012 3294 LXXI.
1056 3251 1205 3294 natus
1245 3243 1478 3308 dicatur,
1537 3243 1772 3311 adeoque
1821 3245 1874 3293 in
1920 3244 2105 3295 Xerxis
2146 3245 2362 3293 transitu
2401 3251 2601 3294 sextum

417 3310 670 3362 decimum
711 3314 907 3363 aetatis
933 3328 1122 3364 annum
1172 3315 1416 3380 attigerit.
1494 3315 1569 3365 Ita
1628 3314 1951 3365 Democritus
2004 3316 2118 3380 ipse
2158 3329 2370 3380 parvum
2407 3314 2602 3364 Diaco-

417 3396 580 3433 smum
614 3397 750 3433 anno
782 3391 900 3448 post
917 3383 1099 3435 Troiae
1128 3386 1384 3436 excidium
1407 3385 1527 3441 730.
1566 3384 1793 3436 edidisse
1826 3384 2039 3435 dicitur.
2079 3385 2179 3435 hoc
2214 3392 2310 3447 est,
2347 3383 2600 3434 subducto

415 3467 481 3503 ex
512 3451 868 3506 Eratosthenis
909 3456 1155 3521 opinione
1189 3455 1411 3520 calculo,
1452 3471 1589 3507 anno
1631 3457 1678 3506 1.
1722 3455 1923 3522 Olymp.
1945 3454 2233 3519 LXXXIV,
2268 3453 2404 3522 quod
2440 3468 2602 3521 aegre

411 3521 635 3590 intelligi
673 3526 909 3591 profecto
950 3532 1146 3592 posset,
1187 3527 1232 3577 si
1270 3525 1389 3591 Oly.
1432 3526 1600 3577 solum
1632 3525 1833 3578 LXXX.
1873 3534 2022 3577 natus
2063 3525 2276 3576 dicatur.
2350 3525 2426 3575 lta
2467 3524 2599 3576 Pro-

414 3599 622 3659 tagoras
660 3612 724 3646 ex
769 3595 1077 3647 Philochoro
1113 3603 1234 3647 ante
1262 3596 1593 3663 Euripidem,
1633 3595 1734 3646 hoc
1787 3603 1905 3661 est,
1939 3611 2125 3647 annum
2163 3599 2213 3649 2.
2254 3594 2371 3660 Oly.
2413 3594 2599 3647 XCIII.

414 3678 447 3713 e
480 3664 614 3716 vivis
651 3668 892 3731 excessit,
933 3684 1088 3751 quum
1127 3667 1190 3731 is,
1227 3667 1440 3719 Platone
1477 3674 1613 3718 teste
1648 3668 1725 3787 Ὧι)
1764 3666 2007 3732 Μ66066)
2044 3667 2375 3733 septuaginta
2412 3666 2600 3717 aetatis

414 3745 577 3784 annos
616 3739 851 3803 egisset,
901 3740 1154 3805 annisque
1189 3737 1527 3806 quadraginta
1561 3751 1655 3802 sop
1695 3738 1892 3789 isticam
1934 3745 2095 3788 artem
2145 3737 2495 3800 exercuisset,
2542 3744 2602 3787 ut

413 3803 633 3869 proinde
669 3806 900 3858 Laertius
934 3809 1079 3859 illum
1122 3806 1236 3875 Oly
1260 3808 1533 3859 LXXXIV.
1568 3807 1803 3858 floruisse
1838 3808 2037 3859 dixerit.
2081 3807 2386 3872 Protagoras
2427 3814 2599 3857 autem

414 3871 509 3923 ille
545 3874 747 3940 Laertio
791 3877 902 3947 (lib
939 3879 1027 3932 lx.
1067 3894 1180 3945 seg.
1219 3877 1305 3932 65.
1338 3880 1524 3962 [immo
1562 3880 1649 3934 50.
1672 3887 1725 3929 et
1742 3879 1826 3932 53.
1831 3883 1881 3948 ])
1916 3886 2062 3931 teste
2087 3877 2363 3928 Democriti
2394 3878 2600 3928 auditor

415 3942 554 4006 fuit3
604 3947 828 4014 ideoque
862 3948 1140 3999 Democriti
1192 3950 1431 4001 nativitas
1488 3948 1554 4000 ad
1595 3948 1712 4015 Oly
1748 3950 1950 4001 LXXX.
2002 3949 2238 3999 revocari
2292 3955 2433 3999 certe
2490 3962 2595 3998 non

414 4017 637 4082 poterit,
678 4032 746 4068 116
783 4018 1060 4084 Protagora
1096 4019 1255 4086 longe
1295 4020 1465 4070 iunior
1504 4020 1738 4082 dicatur,
1795 4020 1883 4087 qui
1920 4027 2038 4085 post
2078 4017 2197 4082 Oly.
2234 4018 2434 4069 LXXV.
2471 4019 2596 4069 oriri

412 4100 515 4134 11011
552 4090 733 4152 potuit.
807 4088 1043 4171 Denique
1079 4089 1332 4141 Diodorus
1370 4089 1486 4159 (lib.
1529 4090 1656 4141 XIV.
1702 4105 1817 4156 cap.
1859 4092 1965 4159 11.)
2019 4090 2220 4144 asserit.
2247 4088 2594 4139 Democritum

409 4156 579 4237 ipsum
635 4160 914 4226 nonaginta
972 4174 1135 4210 annos
1181 4170 1356 4211 natum
1406 4175 1542 4210 anno
1583 4164 1626 4211 1
1679 4159 1795 4225 Oly.
1847 4160 2025 4222 XCIV.
2081 4158 2313 4224 obiisse,
2360 4159 2596 4225 adeoque

408 4227 574 4291 ipsius
607 4239 770 4281 ortum
814 4230 881 4281 ad
915 4231 1176 4280 ineuntem
1217 4231 1335 4296 Oly.
1375 4230 1554 4282 LXXI.
1602 4231 1884 4280 revocavit.
1958 4212 2058 4283 Sed
2100 4229 2220 4297 quid
2262 4230 2465 4281 laertio
2501 4244 2591 4278 re-

409 4312 703 4362 ponemus,
756 4302 843 4367 qui
903 4299 1248 4352 Democritum
1298 4300 1724 4371 τεσσαράκοντα
1779 4301 1926 4351 annis
1974 4300 2283 4368 Anaxagora
2336 4300 2591 4350 iuniorem

410 4368 572 4420 fuisse
627 4370 790 4423 semel
848 4372 1138 4439 iterumque
1189 4372 1452 4424 testatur?
1523 4370 1637 4423 Non
1695 4369 1835 4422 aliud
1886 4371 2122 4439 profecto
2171 4372 2272 4459 nisi
2321 4368 2460 4439 quod
2500 4368 2595 4420 1116
