2975 4959
1202 273 1737 345 —141-

389 461 720 545 Protagora
781 463 1064 527 didicisse
1124 461 1236 548 τὴν
1284 464 1606 548 ὀρθότητα
1651 465 1800 547 περῖ
1836 468 1961 529 τῶν
2002 465 2338 529 coccorano.-
2403 482 2557 547 quae

366 560 542 635 ⁸sane
603 590 725 636 non
782 580 879 638 est
936 572 973 654 ἧ
1027 576 1153 636 τῶν
1217 573 1541 651 ὀνομάτων
1601 567 1918 657 ὄρθότης,
1975 571 2084 637 sed
2148 569 2186 656 ἦ
2245 574 2559 657 ὀρθοτάτη

386 680 610 760 σκέψις
668 686 812 764 περὶ
864 685 990 746 τῶν
1039 680 1358 745 τοιούτων.
1444 682 1551 744 Vel
1611 682 1727 745 hoc
1795 702 2012 763 unum,
2073 684 2232 765 quod
2274 685 2557 747 Socrates

392 786 540 868 περὶ
574 792 696 851 τῶν
739 785 1042 852 τοιούτων
1080 792 1197 866 ait,
1242 791 1464 853 indicio
1508 798 1633 870 est,
1676 809 1799 854 non
1848 792 1967 854 dici
2006 793 2392 874 Protagoram
2434 810 2563 855 rem

395 898 584 978 ipsam
630 898 706 959 de
766 914 883 979 qua
943 905 1232 978 quaerunt
1285 899 1610 977 docuisse,
1651 899 1781 963 -sed
1836 900 2050 964 similia
2095 901 2405 983 quaedam.
2493 900 2565 963 Ut

395 1023 515 1090 ogo
570 1024 691 1069 non
735 1006 1033 1086 dubitem,
1092 1024 1223 1069 cum
1272 1008 1772 1090 Spengeliopag.
1814 1007 1915 1072 44.
1966 1016 2149 1091 totam
2190 1016 2401 1090 putare
2452 1025 2565 1072 so·-

392 1114 713 1196 phistarum
757 1116 937 1196 inque
978 1114 1182 1195 primis
1219 1116 1587 1198 Protagorae
1631 1117 2063 1180 cavillationem
2090 1163 2108 1194 ,
2172 1119 2269 1199 qui
2307 1117 2447 1198 quid
2487 1118 2564 1180 sit
2689 1106 2697 1120 ’

388 1222 598 1303 ὀρθῶς
632 1223 849 1286 dictum
879 1241 1094 1305 magno
1123 1225 1314 1304 pretio
1339 1225 1578 1287 vendat.
1624 1225 1742 1286 lam
1763 1226 2139 1289 Heindorfius
2171 1234 2231 1288 et
2253 1226 2569 1290 Schleier-

400 1331 716 1394 macherus
756 1349 834 1395 ex
876 1332 995 1395 hoc
1037 1333 1256 1413 Cratyli
1315 1334 1453 1396 loco
1510 1334 1906 1420 demonstrari
1960 1325 2082 1398 non
2128 1352 2309 1415 posse
2352 1335 2567 1396 Prota-

385 1456 579 1522 gorae
647 1440 723 1502 de
788 1443 1090 1504 nominum
1160 1442 1518 1504 rectitudine
1592 1443 2031 1522 professionem
2101 1443 2561 1507 intellexerunt:

386 1566 718 1631 quanquam
762 1567 884 1612 non
911 1596 930 1629 ,
977 1550 1036 1612 id
1083 1551 1242 1631 quod
1284 1550 1366 1614 illi
1407 1551 1674 1613 arbitrati
1713 1559 1890 1627 sunt,
1931 1554 2270 1631 όρθοέπεια
2313 1551 2564 1631 potissi-

381 1675 541 1719 mum
600 1657 906 1738 sophistae
967 1658 1298 1734 indicatur,
1366 1677 1522 1739 quae
1579 1666 1712 1721 erat
1765 1660 2177 1741 grammatica.
2262 1658 2446 1720 inuno
2510 1656 2565 1720 si

388 1766 628 1847 quidem
682 1784 861 1828 unum
916 1766 1153 1847 aliquod
1200 1766 1600 1829 exhibendum
1661 1774 1786 1846 est,
1842 1765 1876 1831 ὃ
1917 1764 2114 1849 ὀρθὸς
2154 1767 2335 1847 λόγος
2373 1767 2565 1848 magis

388 1874 507 1937 huc
564 1874 839 1954 pertinet.
936 1875 1056 1938 Sed
1121 1875 1197 1936 de
1254 1875 1537 1938 universa
1596 1878 1793 1955 potius
1854 1875 2223 1955 Protagorae
2289 1873 2565 1936 doctrina

389 1982 770 2064 cogitandum
799 1988 914 2060 est,
957 1999 1070 2062 qua
1100 2000 1338 2062 semper
1376 1979 1495 2064 ’τὴν
1533 1978 1844 2062 ὀρθότητα
1883 1981 2210 2062 spectabat.
2278 1982 2558 2044 Attamen

384 2109 507 2155 non
549 2108 795 2171 possum
835 2092 974 2173 quin
1016 2109 1147 2154 cum
1192 2089 1748 2155 Schleiermachero
1793 2090 2085 2168 sentiam,
2144 2091 2242 2171 qui
2293 2090 2367 2151 ad
2412 2089 2470 2152 h.
2497 2091 2554 2152 ·l.

276 2240 283 2245 -
350 2199 639 2289 V„Wollte
679 2200 826 2263 aber
855 2199 1100 2279 jemand
1147 2199 1529 2281 hemerken“‚
1569 2199 1778 2279 inquit,
1824 2198 2028 2277 „diese
2071 2215 2265 2279 ganze
2290 2199 2558 2277 Anspie-

378 2307 526 2390 lung
564 2308 655 2370 sei
697 2307 828 2369 hier
869 2315 1054 2369 etwas
1096 2306 1331 2389 l'rostig,
1376 2324 1446 2369 so
1495 2306 1732 2369 mochte
1773 2304 1974 2387 wenig
2013 2304 2230 2367 darauf
2248 2323 2324 2369 zu
2362 2323 2554 2387 sagea

381 2418 572 2479 sein.“
618 2453 700 2466 —
747 2416 1019 2478 Ceterum
1079 2417 1132 2478 si
1188 2417 1321 2499 quis
1365 2416 1748 2481 nihilominus
1789 2416 2174 2496 Protagoram
2221 2414 2369 2492 περὶ
2409 2409 2553 2475 ὀνο..

253 2544 263 2553 ·
379 2521 598 2605 μάτων
643 2521 976 2607 ὀρθότητος
1015 2527 1332 2605 scripsisse
1380 2525 1737 2601 contendat,
1771 2540 2146 2604 nequaquam
2191 2530 2388 2584 tamen
2434 2522 2555 2585 hoc

375 2634 566 2711 potuit
606 2633 666 2694 in
709 2633 862 2696 libro
911 2634 1010 2695 illo
1053 2631 1357 2713 Ἀλήθεια
1402 2634 1732 2712 inscripto,
1793 2634 1961 2694 cuius
2019 2632 2202 2712 longe
2248 2623 2550 2692 diversum

376 2746 509 2803 erat
549 2744 974 2823 argumentum.
1061 2741 1250 2813 Quem
1287 2738 1654 2802 Stallhaumii
1703 2756 1975 2801 errorem
2018 2738 2168 2814 (vid.
2215 2738 2253 2799 l.
2284 2739 2345 2813 l.,
2387 2735 2549 2800 conf.

374 2843 696 2913 Lerschius
737 2865 873 2930 pag.
921 2849 1056 2924 19.)
1102 2865 1270 2910 suum
1335 2848 1480 2910 fecit
1529 2846 2045 2910 Grael'enhahnius
2097 2846 2231 2908 libri
2294 2838 2390 2907 cui
2447 2847 2551 2907 in-

375 2957 615 3038 scripsit
654 2956 1012 3021 Geschichte
1048 2956 1157 3019 der
1201 2953 1578 3017 klassischen
1618 2953 1947 3036 Philologie
1994 2959 2135 3016 tom.
2164 2952 2206 3014 1.
2247 2970 2383 3034 pag.
2413 2951 2550 3016 136.

536 3066 733 3146 Atque
772 3066 927 3128 haec
967 3063 1204 3146 quidem
1229 3065 1305 3126 de
1333 3064 1702 3144 Protagorae
1727 3062 2180 3143 quaestionibus
2200 3060 2547 3143 grammati·

379 3175 509 3250 cis;
551 3190 697 3252 quas
742 3191 953 3237 omnes
991 3175 1121 3254 ipse
1150 3175 1373 3254 primus
1417 3174 1681 3235 instituit.
1734 3171 2197 3234 Retracta'ndum
2239 3171 2420 3251 igitur
2458 3176 2554 3235 est

379 3281 693 3344 Classenio
713 3326 732 3358 ‚
790 3282 949 3362 quod
1007 3299 1144 3362 pag.
1182 3280 1284 3344 62.
1366 3279 1749 3342 Aristotelem
1792 3281 2039 3360 primum
2098 3278 2551 3342 terminationes

374 3388 703 3452 secundum
745 3400 974 3469 genera
1020 3388 1390 3467 disposuisse
1433 3388 1533 3450 ait.
1617 3387 1857 3467 Neque,
1902 3404 2054 3466 quae
2097 3392 2159 3447 et
2203 3384 2460 3446 aliorum
2490 3389 2553 3447 et

376 3496 664 3560 Classenii
705 3503 874 3578 (pag.
905 3496 1036 3571 28.)
1093 3495 1405 3575 aliquaque
1449 3512 1528 3556 ex
1570 3500 1738 3574 parte
1783 3493 2043 3556 Herbstii
2098 3507 2335 3573 quoque
2381 3499 2552 3571 (pag.

378 3603 552 3683 146.)
602 3613 695 3669 est
739 3578 1054 3679 sententia,
1097 3604 1422 3666 Democriti
1466 3603 1739 3666 doctrina
1788 3610 1938 3681 erat,
1984 3620 2158 3684 quam
2189 3600 2551 3681 Protagoras

373 3714 790 3779 additamentis
834 3712 1130 3776 nonnullis
1174 3721 1407 3775 auctam
1452 3730 1564 3792 per
1606 3717 1786 3774 totam
1830 3712 2145 3774 Graeciam
2190 3725 2322 3773 cum
2368 3708 2544 3772 audi-

366 3822 599 3885 toribus
640 3823 1127 3897 communicarit:
1192 3840 1364 3899 nam,
1425 3838 1557 3883 cum
1601 3822 1976 3883 Democritus
2039 3818 2280 3882 vixdum
2326 3818 2547 3899 agebat

377 3947 593 3993 annum
639 3932 952 4010 decimum,
991 3933 1353 4013 Protagoras
1380 3931 1498 3992 iam
1521 3929 1776 3992 Athenis
1819 3935 2006 3990 artem
2050 3945 2215 3991 suam
2262 3927 2548 3990 exercuit.

375 4039 513 4119 lpse
575 4038 756 4121 igitur
816 4040 988 4103 huius
1049 4037 1401 4120 disciplinae
1463 4038 1575 4100 fuit
1632 4044 1859 4100 auctor.
1944 4037 2019 4100 Et
2074 4038 2349 4118 profecto
2410 4035 2552 4098 mihi

376 4148 612 4230 quidem
680 4150 936 4211 omnium
996 4149 1363 4230 Protagorae
1424 4148 1754 4210 studiorum
1812 4147 2199 4226 grammatica
2267 4145 2546 4220 videntur

376 4274 518 4320 esse
559 4258 892 4323 sanissima.
978 4258 1321 4337 Quanquam
1356 4255 1527 4316 aliter
1568 4255 1793 4317 iudicat
1835 4253 2166 4331 Herhstius‚
2206 4256 2305 4335 qui
2336 4254 2549 4315 Prola-

369 4381 578 4449 goram
622 4366 961 4450 ὀρθοεπείᾳ
1001 4383 1200 4429 rerum
1242 4364 1502 4429 omnium
1532 4364 1960 4444 ineptissimam
1992 4365 2334 4443 suscepisse
2366 4368 2547 4442 putat.
