2975 4959
1635 0 1678 40 0

1178 96 1243 143 φ
1731 176 1734 177 ⁷

1320 247 1411 287 -’-
1464 290 1471 299 .
1522 239 1659 309 192
1761 267 1854 289 ·-··

665 424 777 511 Ex⁹
817 425 893 488 tis
924 378 1105 508 ‘quae
1159 424 1236 491 de
1294 428 1545 511 singulis
1575 354 1955 512 'i'rotagorae
2016 429 2185 493 libris
2240 436 2712 518 memorantur„

499 531 629 597 sive
668 538 997 617 temporum
1036 536 1166 596 sive
1209 534 1512 598 hominum
1557 536 1706 612 (vid.
1751 554 1891 618 pag.
1934 538 2033 600 75.
2079 542 2140 599 et
2181 537 2318 613 77.)
2358 538 2670 619 iniquitate

495 632 785 705 maiorem
838 658 1043 705 eorum
1090 649 1317 723 partem
1373 644 1532 707 haud
1587 646 1669 707 ita
1711 644 1891 708 multo
1931 651 2068 726 post
2109 644 2476 725 deperditam
2522 664 2666 709 esse

494 756 656 830 puto.
738 750 887 812 Nam
926 757 1339 832 praeterquam
1383 752 1543 832 quod
1582 752 1930 834 Ἀλήθειαν
1972 753 2353 834 PorphyriuS,
2402 756 2666 818 fortasse

493 859 669 920 etiam
708 859 921 921 librum
950 861 1062 940 qui
1115 866 1246 922 erat
1310 858 1462 941 περὶ
1506 863 1629 924 τῶν
1663 862 1809 923 -οιῖκ
1839 857 2074 943 ’ὀρθῶς
2125 869 2259 934 τοῖς
2300 859 2662 943 ἀνθρώποις

390 952 395 961 “
490 968 940 1047 πρασσομένων
978 968 1264 1046 Crantor,
1330 970 1714 1044 Πολιτείαν,
1772 976 1905 1048 aut,
1953 970 2007 1032 si
2048 972 2179 1052 quis
2217 969 2400 1033 fidem
2439 969 2661 1033 habeat

488 1072 768 1154 Diogeni,
810 1071 1202 1156 Ἀντιλογικοὶ
1242 1078 1639 1142 Aristoxenus
1665 1083 1727 1138 et
1753 1075 2137 1155 PhavorinuS,
2181 1074 2662 1157 Προστακτικὸν

488 1180 783 1244 Stobaeus
825 1182 940 1263 ipsi
985 1182 1321 1263 inspexisse
1366 1184 1663 1266 videntur,
1703 1183 1850 1247 nihil
1892 1183 2143 1248 traditur
2182 1182 2342 1246 unde
2386 1183 2461 1245 de
2479 1189 2659 1245 cete-

487 1290 575 1351 ris
612 1289 806 1357 stante
849 1292 1164 1372 quicquam
1207 1299 1470 1355 statuere
1500 1294 1699 1356 liceat.
1783 1294 1926 1371 Quot
1959 1295 2140 1356 etiam
2184 1292 2403 1355 factum
2442 1298 2553 1370 est,
2591 1298 2657 1355 ut

483 1386 538 1460 α’
560 1399 997 1479 posterioribus
1038 1401 1424 1481 scriptoribus
1452 1419 1592 1483 -noxn
1632 1420 1711 1464 ex
1755 1402 1940 1482 ipsius
1989 1401 2100 1464 sed
2141 1420 2220 1464 ex
2265 1400 2652 1463 adversario..

484 1524 615 1569 rum
666 1509 1080 1571 tantummodo
1123 1509 1290 1572 libris
1331 1511 1625 1595 cognosci
1664 1516 1887 1590 posset.
1974 1506 2144 1584 Quae
2184 1525 2332 1571 vero
2374 1507 2650 1570 exhibui..

481 1632 612 1676 mus
656 1614 989 1697 fragmenta
1027 1634 1361 1698 quanquam
1405 1624 1499 1680 sat
1538 1624 1675 1680 sunt
1709 1635 1940 1698 pauca,
1984 1616 2283 1682 sufficiunt
2328 1624 2524 1680 tamen
2570 1616 2649 1678 ad

481 1724 948 1786 confirmandum
997 1724 1156 1805 quod
1206 1732 1267 1788 et
1313 1727 1425 1806 ‘rpsi
1469 1713 1940 1811 de,Protagorae
1984 1726 2225 1793 dicendi
2269 1743 2495 1807 genere
2537 1741 2648 1786 su-

476 1849 586 1914 pra
627 1830 1018 1896 iudicavimus
1059 1840 1119 1895 et
1137 1833 1559 1916 Bernhardyus
1602 1834 2020 1899 animadvertit
2058 1836 2232 1914 Synt..
2248 1835 2347 1897 Gr·-
2381 1851 2519 1914 pag.
2544 1831 2645 1896 91.

481 1947 684 2004 annot.
728 1941 846 2003 42:
909 1942 1135 2022 „Einen
1190 1941 1425 2019 hohern
1480 1943 1627 2007 Sinn
1685 1941 2020 2004 offenbarte
2059 1932 2224 2003 ‘aber
2261 1941 2645 2022 Protagoram,

484 2048 597 2112 der
631 2040 1562 2132 vermogeffseinerpoetischen
1605 2049 1970 2131 Auffassung
2008 2049 2166 2111 noch
2209 2066 2305 2109 am
2344 2048 2647 2110 Jonismus

472 2158 640 2239 hiug,
676 2157 905 2238 jedoch
949 2158 1159 2220 immer
1202 2157 1321 2220 den
1366 2156 1636 2220 frischen
1679 2157 1805 2219 Ton
1845 2158 2015 2226 einer
2052 2155 2471 2218 rhetorischen
2506 2155 2646 2217 Eri..

340 2318 349 2328 .
472 2265 591 2327 suk
633 2265 786 2328 auch
828 2266 890 2327 in
935 2264 1337 2328 moralischen
1355 2263 1854 2347 Eutwicklungen
1897 2263 2243 2347 aussprach‚
2287 2264 2481 2325 worin
2507 2263 2645 2324 eine

469 2376 733 2456 gewisse
777 2372 1198 2438 Aehnlichkeit
1235 2375 1339 2436 mit
1383 2371 1500 2434 den
1541 2371 1969 2459 aufreizenden
2008 2371 2192 2433 Ideen
2236 2370 2344 2433 der
2383 2369 2645 2452 kornig-

470 2490 574 2545 ten
619 2481 1178 2563 Thucydideischen
1206 2467 1445 2544 *Reden
1503 2482 1669 2544 nicht
1727 2483 2021 2545 verkannt
2069 2478 2279 2543 wird.“
2373 2478 2643 2552 Quocum

468 2609 583 2654 nos
629 2607 878 2672 prorsus
918 2582 1363 2669 consentimus,
1417 2591 1538 2654 uisi
1591 2590 1758 2679 ffliod
1798 2591 2007 2655 lonico
2053 2600 2335 2652 sermone
2379 2604 2514 2650 eam
2559 2586 2639 2648 ob

473 2718 713 2764 causam
756 2699 856 2761 ille
897 2717 1061 2765 usus„
1100 2717 1239 2767 esse
1294 2699 1530 2762 videtur
1552 2747 1571 2778 ,
1631 2700 1767 2781 quia
1810 2702 1940 2780 ipse
1982 2698 2187 2765 Ionica
2227 2697 2469 2763 colonia
2510 2700 2642 2757 erat

471 2809 758 2871 oriundus
816 2807 970 2885 (vid.
1014 2826 1151 2890 pag.
1198 2808 1316 2884 3.).
1427 2807 1702 2870 Ceterum
1765 2807 1928 2888 quod
1982 2807 2247 2871 Ionicam
2301 2805 2640 2882 dialectum,

471 2936 624 2997 quae
666 2918 845 2981 etiam
884 2918 1081 2981 exstat
1123 2917 1459 2999 fragmento
1501 2917 1571 2994 3,
1615 2919 1677 2979 in
1720 2918 1936 2983 ceteris
1980 2916 2300 2981 restituere
2344 2914 2640 2987 noluimus

469 3025 571 3087 vix
611 3024 918 3105 quisquam
964 3025 1140 3088 nobis
1184 3024 1418 3109 crimini
1461 3029 1677 3087 vertat.
