2975 4959
1212 309 1305 322 —
1418 274 1553 341 119
1662 305 1750 317 -

389 460 511 545 γάρ
548 484 660 542 μοι
705 463 918 542 λέγειν,
944 455 1055 542 τὴν
1100 457 1421 541 πολιτικήν
1466 462 1693 539 τέχνην
1736 459 1845 519 καί
1884 450 2338 535 ὑπισχνεῖσθαι
2367 459 2566 516 ποιεῖν

393 563 630 649 ἄνδρας
673 567 958 648 α’γαθούς
998 570 1270 641 πολίτας.
1355 571 1554 648 Atque
1608 567 2003 646 Protagoras:
2065 560 2250 632 Λόιὸ
2294 562 2413 651 μὲν
2454 552 2570 623 οὖν

391 675 583 742 τοῦτο
642 676 855 754 ἐστιν,
912 677 1143 755 inquit,
1202 667 1253 739 αἶ
1317 674 1691 758 Σώκρατες,
1750 671 1816 736 τὸ
1877 668 2234 754 ἐπάγγελμα
2290 665 2326 730 ὃ
2371 671 2571 750 ἑπαγ-

392 787 715 866 γέλλομαι.

559 891 688 965 Qua
731 890 1042 972 disciplina
1086 890 1227 972 quid
1269 890 1546 955 iuvenum
1589 890 1821 951 animos
1866 888 2059 968 magis
2114 885 2342 949 illicere
2385 892 2563 964 atque

396 999 460 1061 in
499 1015 570 1062 se
615 1004 971 1062 convertere
1013 999 1300 1079 poterat?
1354 997 1510 1071 Quid
1551 998 1781 1075 maiore
1829 1013 1961 1057 cum
2006 994 2202 1058 studio
2227 994 2569 1057 Athenien-

393 1123 496 1169 ses
518 1106 939 1171 adolescentes
969 1107 1346 1188 appetebant,
1391 1124 1566 1187 quam
1611 1104 1847 1166 laudem
1889 1105 2141 1184 perlecti
2186 1104 2319 1180 viri,
2361 1103 2461 1183 qui
2505 1105 2567 1165 in

392 1215 669 1279 omnibus
727 1215 907 1278 rebus
967 1222 1027 1276 et
1086 1215 1338 1295 publicis
1385 1221 1444 1274 et
1491 1214 1734 1293 privatis
1791 1215 1872 1275 ita
1914 1230 2152 1293 semper
2193 1228 2262 1274 se
2305 1218 2570 1292 gereret,

394 1330 459 1386 ut
502 1327 691 1386 virum
737 1323 1036 1385 deceret?
1120 1322 1194 1385 Et
1256 1323 1363 1384 suit
1420 1318 1580 1384 sane'
1615 1323 1983 1402 Protagorae
2025 1305 2280 1403 magnus
2334 1338 2576 1399 semper

356 1486 370 1513 ,
398 1432 820 1513 discipulorum
867 1449 1167 1493 numerus,
1254 1430 1374 1493 lam
1437 1418 1570 1491 cum
1637 1433 1883 1510 primum
1921 1430 2190 1494 Athenas
2243 1447 2571 1513 aggressus

397 1546 584 1619 esset,
625 1541 826 1620 optimi
876 1541 1093 1620 quique
1141 1544 1388 1602 iuvenes
1435 1538 1662 1601 scholis
1704 1541 1833 1601 eius
1869 1541 2219 1617 intererant,
2261 1546 2319 1601 et
2347 1539 2575 1619 Hippo-

398 1656 601 1712 crates
645 1665 714 1710 se
773 1649 914 1713 ideo
980 1666 1112 1710 eum
1179 1636 1298 1710 nou
1342 1648 1589 1710 audisse
1631 1650 1754 1722 ait,
1809 1649 1946 1728 quia
2005 1650 2134 1727 ipse
2197 1654 2338 1711 tunc
2396 1648 2575 1711 etiam

399 1774 549 1838 puer
589 1756 766 1819 fuerit
810 1757 993 1832 [Prot.
1040 1774 1177 1838 pag.
1213 1756 1354 1819 310.
1395 1757 1499 1833 E).
1585 1756 1877 1822 Graeciae
1924 1757 2107 1819 urbes
2149 1762 2570 1838 peragrantem

399 1864 825 1945 discipulorum
866 1866 1035 1945 quasi
1077 1865 1300 1927 cohors
1345 1866 1726 1927 continenter
1762 1865 2278 1952 prosequebatur,
2320 1882 2572 1943 quorum

394 1990 622 2037 summa
665 1980 794 2037 erat
837 1980 1046 2035 contra
1100 1975 1449 2053 magistrum
1508 1973 1905 2048 verecundia3
1964 1980 2144 2054 atque
2189 1979 2277 2035 tot
2322 1980 2566 2034 tantae-

396 2100 517 2163 que
558 2098 698 2144 esse
738 2081 1094 2143 videbantur
1137 2080 1487 2161 disciplinae
1532 2082 1662 2143 eius
1716 2083 2003 2155 virtutes,
2062 2088 2126 2144 ut
2165 2082 2342 2163 etiam
2384 2083 2570 2160 ipsius

396 2190 617 2255 mortui
690 2196 994 2269 superstes
1061 2172 1225 2251 esset
1287 2188 1480 2269 gloria
1549 2205 1672 2250 non
1741 2188 2042 2250 deminuta
2098 2188 2267 2265 (vid.
2328 2189 2429 2251 lib.
2478 2189 2572 2252 lll.

390 2315 522 2378 cap.
565 2297 662 2368 1.).

550 2404 924 2484 Protagorae
963 2405 1143 2484 igitur
1185 2410 1334 2479 erat,
1375 2409 1437 2464 ut
1477 2404 1685 2483 paucis
1734 2403 2169 2483 comprehensa
2201 2410 2562 2483 repetamus,

385 2502 780 2593 βελτιόος
837 2517 1125 2573 ποιεῖν
1177 2510 1275 2572 vel
1334 2506 1763 2574 παιδεύειν
1817 2510 2000 2585 τοὺς
2060 2511 2566 2597 α’νθραᾷηους

390 2620 584 2696 (Prot.
610 2637 751 2701 pag.
777 2619 921 2680 317.
948 2618 1016 2692 Β,
1041 2620 1185 2681 318.
1211 2621 1318 2695 Α).
1367 2613 1564 2699 Atque
1611 2620 1967 2683 versabatur
2003 2620 2157 2683 haec
2199 2621 2458 2685 eruditio
2502 2623 2566 2684 in

388 2730 640 2811 τέχνῃ
682 2729 1066 2812 πολιτικῇ
1110 2728 1440 2807 (pag.319.
1466 2734 1528 2789 et
1551 2744 1604 2805 q.
1629 2743 1821 2808 seqq.,
1850 2728 1960 2802 al.)
2006 2746 2161 2807 quae
2204 2729 2351 2791 duas
2393 2746 2567 2792 eom-

399 2834 771 2914 pleotebatur
810 2833 1188 2913 disciplinas:
1249 2834 1712 2914 ειῖβουλιάν
1753 2834 1959 2916 περὶ
2015 2840 2173 2899 τῶν
2215 2838 2569 2915 οἰκείων,

397 2960 542 3022 qua
583 2944 754 3023 quis
822 2960 956 3004 res
1024 2941 1517 3005 domesticas
1575 2944 1853 3024 optime
1893 2961 2191 3025 gerere
2250 2952 2568 3025 posset,

386 3058 451 3113 et
488 3050 974 3131 εὐβουλίαν
1018 3051 1202 3133 περί
1237 3051 1326 3114 τὰ
1373 3055 1524 3133 τῆς
1589 3050 1945 3132 πόλεως,
2013 3070 2167 3134 qua
2230 3071 2354 3116 res
2420 3072 2564 3134 pu-

390 3160 680 3222 blicas
744 3160 1189 3239 praeclare
1256 3161 1896 3224 administraret
1959 3169 2037 3224 et
2102 3163 2418 3244 agendo
2484 3172 2566 3227 et

302 3302 307 3307 ·
390 3255 780 3330 dicendo'
814 3279 984 3348 (pag.
1030 3270 1170 3331 318.
1217 3270 1303 3345 D3
1366 3270 1528 3333 cons.
1574 3269 1741 3350 Reip.
1787 3269 1888 3332 lib.
1929 3271 2003 3332 X.
2071 3290 2207 3353 pag.
2249 3271 2390 3335 600.
2433 3273 2555 3350 D2›,;

385 3394 467 3441 ne
500 3375 699 3452 multa,
741 3392 856 3455 qua
901 3377 1095 3437 bouus
1135 3377 1305 3438 fieret
1348 3380 1520 3456 οἰνίε,
1566 3376 1889 3457 ἁγαθός
1933 3383 2077 3439 πολ
2101 3381 2314 3462 ι’της.

545 3482 664 3548 Sed
712 3488 852 3547 ante
900 3483 1136 3559 omnia,
1193 3485 1244 3546 si
1289 3485 1527 3565 quidem
1571 3484 1733 3565 quod
1776 3485 1990 3564 cuique
2040 3486 2315 3548 videatur
2355 3505 2558 3551 verum

381 3592 485 3670 sit,
528 3592 758 3655 dubitet
780 3592 1014 3674 aliquis,
1056 3611 1192 3655 num
1236 3595 1555 3675 quidquam
1605 3596 1852 3659 omnino
1887 3594 2095 3659 doceri
2115 3596 2321 3675 possit.
2372 3597 2559 3671 Quem

380 3701 720 3780 scrupulum
763 3685 1004 3782 saepius
1049 3703 1330 3764 movebat
1370 3704 1675 3780 Socrates,
1716 3710 1779 3767 ut
1822 3702 2064 3765 Theaet.
2110 3721 2249 3825 pag.
2295 3704 2432 3768 161.
2474 3705 2563 3770 D':

370 3800 464 3869 Ἢ
521 3810 654 3881 πῶς
713 3810 1035 3890 λέγωμεν,
1101 3834 1150 3872 ω
1199 3805 1535 3893 Θεόδωρε,·
1596 3813 1656 3875 εἰ
1707 3836 1833 3893 γαρ
1892 3806 1968 3892 dt}
2026 3805 2264 3899 ἑκάστῳ
2325 3806 2561 3897 ἀληθὲς

290 3923 332 3980 .’
377 3910 573 3997 ἔσται,
618 3938 650 3977 ο
697 3910 777 3979 ἄν
819 3920 902 3979 δι’
944 3915 1300 3999 αἰσθήσεως
1343 3915 1610 4004 δοξάζῃ,
1649 3943 1755 3982 και
1802 3918 1957 4000 μήτε
2000 3915 2071 3983 td
2114 3912 2306 3984 αλλου
2348 3919 2554 3996 πάθος

376 4013 567 4094 αλλος
623 4024 869 4100 βέλτιον
928 4028 1284 4105 διακρινεῖ,
1346 4023 1510 4107 μήτε
1566 4023 1678 4109 τήν
1733 4026 1918 4101 δόξαν
1960 4025 2338 4113 κυριώτερος
2377 4025 2554 4093 ἔσται

369 4133 847 4211 ἐπισκέψασθαι
899 4134 1108 4215 ἕτερος
1161 4131 1280 4217 τήν
1331 4130 1589 4218 ετέροο,
1663 4134 1825 4217 ὀρθή
1888 4132 1930 4218 ἦ
1989 4137 2275 4220 ψευδής,
2332 4139 2468 4201 ἀλλ’
2512 4161 2544 4198 ο

365 4236 659 4314 πολλάκις
717 4236 997 4323 εἴρηται,
1056 4241 1253 4315 αὐτὸς
1310 4238 1383 4305 τά
1446 4236 1647 4306 αὑτοῦ
1710 4240 1965 4321 ἕκαστος
2019 4241 2213 4324 μόνος
2265 4241 2536 4321 δοξάσει,

369 4348 573 4410 ταῦτα
637 4350 705 4411 δὲ
765 4346 969 4412 πάντα
1012 4352 1177 4433 ὀρθὰ
1242 4348 1352 4415 καί
1411 4350 1661 4433 ἀληθῆ,
1724 4357 1792 4416 τί
1830 4348 1906 4436 δή
1946 4375 2130 4435 ποτε,
2197 4343 2248 4414 αἶ
2306 4346 2539 4435 ἑταῖρε,
