2975 4959
1225 283 1317 296 -
1429 247 1565 318 135
1643 246 1768 304 ·-.
1854 193 1857 198 ’

412 439 547 501 bier
586 437 726 518 jene
770 413 998 500 andere
1022 438 1346 502 Nachricht
1386 439 1499 502 der
1542 438 1950 520 vierzahligen
1977 434 2361 521 Eintheilung
2401 439 2590 504 durch

408 547 508 610 die
565 547 865 627 Majoritat
925 547 1036 611 der
1101 548 1432 630 Zeugnisse
1487 547 1909 630 vorziiglicher
1973 538 2309 625 ersebeintj
2341 595 2360 628 ‚
2429 549 2588 612 doch

409 655 744 735 i‘rbe‘rhaupt
799 656 956 717 noch
1016 657 1154 717 eine
1195 655 1603 737 mehrzahlige
1643 655 2043 738 Eintheitung.
2081 656 2351 718 bemerkt
2380 670 2387 675 ·
2414 657 2591 738 wird,

411 765 510 827 die
561 764 721 827 dann
761 764 866 826 mit
909 764 1018 826 der
1059 766 1356 846 geringen
1386 763 1619 826 Anzahl
1663 781 1783 826 von
1806 763 1966 826 Modi
2007 764 2173 826 nicht
2216 781 2587 845 correspon-

409 872 584 937 diren
631 871 877 949 wurde3
923 872 1022 934 ich
1065 872 1280 935 mache
1323 889 1438 935 nur
1480 871 1701 937 darauf
1735 872 2155 951 aufmerksam,
2197 873 2340 935 dass
2383 875 2441 934 in
2479 874 2585 953 je·-

398 998 524 1042 .ner
564 980 948 1061 Eintbeihmg
1008 982 1069 1042 in
1127 981 1259 1042 vier
1318 997 1532 1041 ausser
1589 981 1700 1042 der
1743 977 1993 1061 εὕχωλὴ
2051 981 2175 1042 und
2233 979 2456 1061 ἐντολή.
2500 981 2589 1043 als
2641 1024 2644 1027 2
2763 1000 2770 1007 “

413 1088 511 1150 die
553 1089 773 1150 beiden
823 1088 1052 1151 andern
1098 1085 1398 1170 ἐρώτησις
1442 1087 1564 1151 und
1611 1086 1936 1169 α’πόκρισις
1996 1095 2263 1170 genannt
2317 1090 2588 1170 werden,

412 1196 511 1259 die
555 1196 727 1259 doch]
755 1196 1112 1276 schwerlich
1170 1195 1309 1258 sich·
1365 1196 1451 1258 als
1497 1196 1596 1258 die
1640 1195 2141 1278 Bezeichnungen
2204 1196 2314 1259 der
2357 1198 2586 1259 andern

411 1304 574 1368 Medi
607 1305 836 1367 ‘deuten
883 1305 1140 1366 lassen.“
1187 1341 1258 1353 —-
1312 1305 1440 1385 Qua
1486 1305 1564 1366 de
1605 1304 1983 1384 expositione
2029 1311 2167 1367 ante
2211 1307 2409 1368 omnia
2451 1323 2589 1367 mo·

409 1412 669 1475 nendum
719 1420 846 1491 est,
893 1418 1119 1493 septem
1168 1408 1368 1492 λόγων
1410 1415 1740 1490 πυθμένας
1780 1413 2078 1474 neminem
2126 1420 2393 1499 veteru-m
2437 1414 2589 1475 Pro·-

401 1528 652 1601 tagorae
672 1522 973 1598 tribuisse,
992 1520 1254 1582 sed-aliis
1278 1520 1628 1601 quibusdam
1647 1520 2098 1600 posterioribus,
2121 1521 2269 1585 Nam
2289 1523 2583 1603 Diogenis

326 1684 329 1689 s
403 1629 461 1695 οἱ
489 1633 559 1693 δέ
580 1631 668 1702 εἰς
687 1627 839 1693 ἑπτά
863 1631 1037 1707 aliter
1057 1631 1314 1712 suppleri
1344 1648 1464 1692 non
1486 1616 1762 1710 possunt,
1787 1636 1962 1710 atque
1983 1630 2198 1697 Suidas
2221 1631 2394 1692 fecit:
2423 1627 2583 1708 μετὰ
2679 1702 2688 1713 ἱ

403 1740 475 1802 δὲ
520 1740 739 1802 τοῦτον
777 1739 976 1819 ἕτεροι
1002 1740 1092 1814 εἷς
1121 1735 1278 1802 ἑπτὰ
1307 1740 1557 1802 διεῖλον.
1604 1738 1948 1801 Classenius
1972 1750 2123 1801 vero'
2145 1756 2283 1820 pag.
2308 1739 2409 1801 30.
2433 1738 2589 1801 Pro-

401 1851 653 1928 tagorae
680 1846 921 1910 dicendi
939 1847 1319 1910 fundamenta
1353 1847 1655 1927 quomodo
1686 1865 1818 1910 cum
1836 1847 2221 1927 grammatica
2252 1846 2585 1924 modorum,
2657 1846 2660 1849 ’

402 1971 553 2034 quos
597 1952 895 2035 ἐγκλίσεις
933 1962 1147 2035 postea
1192 1956 1474 2016 dicebant
1499 1954 1736 2033 Graeci,
1780 1954 2583 2042 distinctionecohaereant,

402 2068 520 2125 tam
543 2042 717 2142 plane
742 2063 1073 2151 illustravit,
1120 2070 1183 2126 ut
1207 2080 1326 2143 ego
1356 2063 1437 2125 itti
1462 2063 1755 2124 assentire
1783 2079 1904 2124 non
1934 2063 2212 2125 dubitem.
2255 2061 2576 2124 Rhetorica

402 2170 641 2253 quidem
665 2173 1088 2235 observatione
1112 2172 1218 2233 niti
1237 2171 1381 2232 dicit
1403 2170 1708 2251 sophistae
1724 2171 2055 2233 inventum:
2082 2171 2190 2232 sed
2215 2169 2579 2233 rhetoricam

398 2280 571 2341 istam
616 2278 992 2367 divisionem,
1036 2297 1211 2358 quum
1241 2280 1559 2360 primarios
1581 2279 1819 2340 dicendi
1842 2279 2056 2341 modos
2076 2278 2352 2365 benqilia
2379 2280 2581 2359 expri-

397 2394 605 2466 meret,
631 2388 790 2450 haud
816 2388 992 2451 dubie
1014 2404 1270 2449 vocasse
1295 2387 1371 2449 ad
1398 2387 1850 2469 distinguendas
1870 2387 2142 2450 diversas
2163 2389 2331 2449 verbi
2355 2387 2576 2450 modo-

396 2514 525 2560 rum
556 2499 801 2560 formas.
846 2498 1230 2577 Protagoram
1262 2497 1442 2576 enim,
1487 2497 1621 2558 cum
1651 2496 1990 2567 doctrinam
2024 2514 2195 2572 suam
2223 2502 2284 2558 et
2315 2496 2392 2558 ad
2415 2496 2574 2558 iudi-

402 2606 596 2669 canda
641 2607 889 2668 aliorum
936 2607 1158 2685 scripta
1214 2611 1274 2666 et
1315 2605 1390 2667 ad
1431 2605 1814 2695 scribendum
1873 2603 2213 2683 conferret,
2280 2620 2404 2666 non
2459 2621 2577 2684 po·-

404 2715 589 2777 tuisse
632 2731 754 2775 non
804 2713 1159 2791 advertere,
1226 2714 1287 2773 in
1345 2713 1495 2792 ipsa⁴
1522 2713 1727 2793 lingua
1786 2712 2140 2777 divisionem
2183 2712 2340 2774 iilam
2392 2713 2575 2774 certis

395 2822 604 2884 formis
656 2839 794 2884 esse
850 2820 1259 2903 significatam.
1365 2819 1512 2881 Nam
1573 2837 1708 2881 cum
1773 2818 2076 2901 ἐρώτησις
2137 2825 2197 2882 et
2236 2817 2572 2901 ἀπόκρισις

397 2931 725 2993 indicativo
753 2930 933 2992 modo
970 2929 1405 3006 contineantur,
1453 2929 1739 3010 εὐχωλῆς
1785 2929 2126 3010 optativum,
2167 2928 2417 3010 ἐντολῆς
2457 2929 2573 2988 im·-

394 3035 723 3120 perativum
763 3038 1064 3124 proprium
1105 3054 1283 3099 esse:
1344 3037 1786 3099 coniunctivum
1847 3054 2036 3116 vero,
2097 3055 2230 3100 cum
2286 3054 2408 3099 non
2453 3044 2572 3099 tam

377 3147 689 3227 'peculiari
747 3146 985 3208 dicendi
1041 3162 1314 3227 genere,
1373 3163 1548 3225 quam
1607 3144 1872 3225 plurium·
1901 3148 2372 3226 propositionum
2418 3163 2574 3207 con-

401 3257 705 3318 iunctione
767 3259 1025 3332 nitatur,
1089 3256 1204 3316 hac
1270 3254 1578 3316 dividendi
1633 3256 1866 3316 ratione
1925 3256 2219 3317 contineri
2274 3272 2394 3316 non
2453 3272 2572 3334 po-

399 3367 607 3427 tuisse.
693 3364 779 3426 lta
824 3364 952 3425 fere
999 3364 1365 3440 ClasseniuS‚
1410 3363 1581 3443 isque
1626 3365 1979 3430 rectissime.
2032 3363 2379 3444 Quanquam
2410 3364 2570 3423 enim

399 3477 715 3552 πυθμένες
777 3465 975 3552 λόγων
1038 3476 1176 3532 sunt
1232 3469 1473 3533 dicendi
1529 3472 1944 3550 fundamenta,
2010 3490 2257 3552 quorum
2317 3491 2395 3533 ex
2449 3489 2568 3534 uno

398 3601 670 3665 quaeque
708 3574 1009 3644 sententia
1038 3579 1209 3660 quasi
1252 3581 1618 3642 exstruenda
1659 3598 1798 3643 esse
1826 3564 2204 3662 Protagorae*
2235 3569 2569 3660 videbatur,

392 3693 696 3768 rhetorica
739 3690 897 3753 haec
937 3689 1238 3751 distinctio
1281 3691 1753 3771 grammaticae,
1810 3707 1925 3770 qua
1981 3688 2297 3755 verhorum
2343 3689 2569 3751 formas

392 3799 725 3862 secundum·
779 3800 1108 3876 πυθμένας
1150 3797 1284 3859 illos
1329 3796 1601 3859 diversas
1651 3814 1790 3859 esse
1848 3798 2317 3875 ostendebatur,
2375 3800 2570 3878 prima

394 3913 522 3968 erat
565 3889 738 3984 atque
782 3889 1131 3968 necessaria
1181 3924 1381 3968 causa.
1445 3905 1568 3966 lam
1610 3924 1757 3967 vero
1803 3905 1948 3966 nihil
1977 3913 2088 3982 est,
2132 3923 2239 3966 eur
2256 3906 2569 3967 Herbstius

394 4022 454 4077 et
475 4014 826 4094 Spengeiius
866 4033 1002 4094 pag.
1031 4015 1133 4077 44.
1179 4022 1238 4075 et
1279 4011 1378 4076 45.
1416 4013 1526 4075 has
1567 4014 1793 4076 formas
1836 4031 2072 4094 quoque
2115 4014 2377 4096 linguae,
2418 4032 2569 4095 quos

393 4140 553 4186 nunc
611 4121 860 4183 dicimus
915 4124 1338 4203 grammaticos
1401 4123 1572 4185 verbi
1619 4121 1847 4183 *modos
1880 4167 1902 4197 ,
1966 4123 2080 4184 iam
2143 4141 2177 4187 a
2238 4125 2569 4202 Protagora

397 4233 706 4296 distinctas
753 4246 889 4291 esse
934 4237 1185 4312 negent·
1263 4230 1554 4312 Equidem
1596 4247 1718 4312 ego
1776 4248 1898 4292 non
1965 4230 2205 4308 dubim,
2271 4232 2409 4310 quin
2466 4233 2570 4312 qui
2631 4246 2638 4251 ·

395 4347 670 4420 quattuor
729 4337 968 4401 dicendi
1021 4328 1290 4403 rationes
1345 4338 1734 4419 discreverit,
1808 4342 1984 4405 etiam
2039 4340 2281 4419 linguae
2337 4338 2568 4401 formas
