2975 4959
1270 231 1764 347 -t6'--

428 483 502 527 oa
528 481 838 548 ‚quaerere
880 482 1020 527 sese
1050 466 1328 529 notuisse
1379 467 1610 531 addens
1668 484 1844 547 quum
1890 470 2169 530 accurate
2231 463 2463 529 deliniri
2502 467 2603 529 vix

427 575 652 654 possit,
711 592 784 635 ea
849 592 926 635 ex
986 582 1151 653 parte
1212 575 1371 648 cavit
1421 592 1502 636 ne
1554 576 2017 656 impugnaretur.
2126 576 2258 650 Quo
2319 571 2601 656 apparet,

429 684 586 743 hanc
635 681 1160 743 demonstrationis
1221 688 1491 759 partem,
1559 682 1772 762 quippe
1832 697 1985 759 quae
2023 679 2350 743 Democriti
2403 688 2616 744 aetate*

432 795 560 850 tota
602 792 683 851 sit
723 790 863 850 nixa
889 835 908 866 ,
973 788 1047 849 ab
1093 789 1222 868 ipso
1268 788 1570 852 aestimari
1617 787 1776 857 haud
1819 790 1901 851 ita
1944 790 2163 871 magni.
2250 791 2450 863 Quare
2492 807 2604 849 ne-

431 916 548 976 que
611 914 732 980 ego
795 914 953 958 nunc
1012 895 1226 960 multus
1284 913 1423 960 esse
1490 896 1632 958 volo
1688 898 1754 958 in
1814 904 2081 960 veterum
2143 898 2218 959 de
2278 898 2604 961 Democriti

427 1006 794 1085 temporibus
840 1005 1196 1069 testimoniis
1237 1005 1642 1087 congerendis
1683 1012 1860 1086 atque
1912 1005 2366 1090 examinandis,
2427 1023 2612 1087 quum*

356 1151 365 1162 ·
431 1122 494 1176 et
531 1112 909 1194 paragrapho
967 1114 1235 1176 secunda
1294 1113 1370 1175 de
1428 1114 1632 1177 lacobi
1676 1114 1864 1177 Geelii
1919 1114 2250 1177 rationibus
2298 1114 2605 1175 disserens

428 1224 569 1292 hoc
595 1200 855 1284 tacturus
898 1222 1033 1299 sim,
1077 1228 1137 1282 et
1177 1239 1350 1304 quam
1379 1220 1562 1283 nihili
1602 1221 1720 1284 siut
1763 1221 1958 1286 Fereti
2002 1228 2350 1305 argumenta
2389 1220 2486 1281 vel
2526 1219 2606 1281 ex

429 1333 617 1412 ipsius
657 1332 862 1394 verbis
904 1329 1065 1392 facili
1108 1347 1290 1411 opera
1333 1332 1523 1410 possit
1566 1330 1827 1392 ostendi.

593 1439 713 1502 Iam
759 1439 834 1501 ab
879 1440 1047 1501 initio
1080 1437 1168 1500 -de
1211 1444 1507 1518 tempore,
1553 1454 1670 1517 quo
1695 1437 2075 1500 Democritus
2114 1437 2363 1518 primam
2409 1435 2603 1498 lucem

427 1548 752 1629 aspexerit,
793 1545 988 1608 minus
1030 1551 1309 1607 accurate
1353 1545 1625 1626 disputat.
1669 1545 1977 1626 Nunquam
2017 1547 2281 1626 potuisse
2314 1545 2608 1625 Protagoae-

433 1674 562 1718 ram
617 1655 946 1719 Democriti
988 1671 1127 1716 esse
1171 1653 1517 1733 discipulum
1562 1653 1931 1732 sabellasque
1974 1672 2008 1715 a
2043 1652 2231 1716 Gellio
2276 1654 2613 1731 ceterisque

438 1762 698 1842 proferri
739 1763 1094 1824 vanissimas
1120 1815 1138 1844 ‚
1197 1763 1394 1842 capite
1435 1763 1706 1825 secundo
1754 1764 2086 1844 expositum
2128 1770 2238 1825 est.
2274 1785 2281 1792 ·
2311 1763 2475 1838 Tum,
2516 1761 2611 1840 „Si

346 1881 352 1887 ’
432 1871 763 1934 Diodorum
802 1871 1064 1934 Siculum
1107 1872 1462 1952 sequimur&
1509 1874 1613 1949 ait,
1664 1890 1858 1950 „anno
1901 1870 2042 1934 404.
2083 1878 2351 1933 mortuus
2397 1878 2509 1948 est,
2551 1875 2628 1930 et·
2727 1926 2733 1932 .
2832 1913 2838 1918 -

433 1979 762 2041 secundum
789 1979 1164 2062 Hermippum
1194 1979 1431 2060 quidem
1462 1979 1573 2042 sub
1608 1979 1781 2041 finem
1823 1982 2154 2056 auctumni3
2196 1979 2246 2041 si
2274 1978 2614 2054 Eusebium,

436 2089 580 2151 401.
665 2089 879 2151 Annos
927 2091 985 2150 ei
1029 2089 1229 2173 tribuit
1281 2088 1650 2168 Hipparchus
1701 2096 1938 2151 centum
1984 2095 2047 2150 et
2090 2106 2306 2154 novem
2335 2134 2353 2166 ,
2398 2087 2612 2149 Lucia-

433 2214 547 2259 nus
607 2204 667 2259 et
727 2196 995 2279 Phlegon
1058 2204 1298 2260 centum
1351 2204 1412 2259 et
1467 2205 1790 2277 quattuor,
1853 2197 2155 2260 Diodorus
2219 2203 2441 2278 tantum
2493 2212 2614 2257 no·-

437 2308 706 2387 naginta.
791 2306 957 2387 Ergo
1016 2312 1191 2367 natus
1247 2312 1341 2366 est
1397 2322 1559 2366 anno
1619 2313 1720 2367 aut
1760 2305 1900 2367 509.
1945 2312 2049 2367 aut
2090 2306 2232 2372 504.
2289 2310 2390 2364 aut
2432 2302 2612 2365 490.“

439 2414 617 2487 Quod
676 2414 1056 2495 negligenter
1088 2471 1091 2474 .
1119 2421 1214 2496 est
1267 2421 1684 2494 supputatum„
1770 2415 1918 2476 Nam
1965 2416 2019 2476 si
2077 2413 2404 2476 secundum
2465 2413 2617 2473 Dio-

438 2522 649 2583 dorum
710 2538 870 2584 anno
931 2519 1077 2591 404.
1132 2527 1420 2584 mortuum
1483 2521 1777 2597 facimuS‚
1839 2527 2012 2584 natus
2058 2528 2151 2582 est
2189 2527 2290 2582 aut
2330 2521 2474 2584 513.
2511 2527 2616 2582 aut

434 2609 577 2692 508.
626 2636 727 2692 aut
765 2628 930 2705 4943
993 2629 1043 2690 si
1088 2629 1415 2692 secundum
1449 2628 1769 2691 Eusebium
1814 2629 1956 2704 401,
1998 2634 2098 2690 aut
2138 2630 2280 2691 510.
2325 2634 2425 2691 aut
2468 2627 2612 2690 505.

434 2741 536 2796 aut
601 2734 751 2800 491.
879 2734 1054 2810 Quod
1139 2733 1359 2796 deinde
1433 2751 1613 2795 unum
1679 2740 1966 2799 constare
2036 2734 2204 2806 dicitv
2241 2752 2401 2797 anno
2470 2735 2613 2797 480.

435 2862 722 2907 summum
771 2846 976 2924 viginti
1025 2845 1284 2925 quinque
1329 2844 1426 2904 vel
1465 2843 1705 2923 triginta
1748 2860 1939 2905 annos
1988 2862 2120 2905 eum
2167 2852 2367 2907 natum
2410 2844 2617 2923 fuisse,

432 2953 495 3013 id
540 2970 620 3014 ex
656 2952 884 3014 Frereti
930 2952 1169 3032 quidem
1217 2957 1569 3032 argumento
1610 2968 1731 3012 non
1776 2951 2159 3033 intelligitur:
2216 2970 2349 3015 nam
2390 2970 2614 3034 prove-

438 3068 574 3121 ctus
619 3076 856 3140 quoque
900 3065 1095 3120 aetate
1142 3060 1233 3120 vir
1288 3060 1476 3138 potuit
1521 3058 1935 3137 „s’entretenir
1975 3059 2261 3146 avecles
2303 3078 2513 3141 mages
2556 3069 2617 3123 et

440 3167 723 3230 recevoir
778 3165 940 3228 leurs
999 3147 1441 3228 instruction5.“
1525 3167 1711 3229 Immo
1753 3168 1807 3228 si
1852 3181 1997 3228 vere
2038 3167 2278 3229 tradunt
2318 3168 2620 3230 Diodorus

439 3278 652 3338 mortis
711 3292 928 3337 annum
971 3272 1116 3338 404.
1172 3282 1232 3337 et
1286 3276 1665 3364 “Hipparchus
1732 3277 1889 3337 vitae
1953 3278 2201 3356 spatium
2261 3283 2495 3338 centum
2556 3285 2619 3340 et

438 3403 658 3447 novem
706 3400 999 3446 annorum
1025 3430 1044 3461 ‚
1085 3421 1168 3450 -τ
1217 3400 1464 3463 quorum
1523 3390 1792 3447 neutrum
1841 3401 2037 3465 neque
2092 3391 2275 3465 negat
2316 3385 2617 3462 Freretus‚

440 3511 637 3574 neque
687 3508 806 3573 ego
866 3508 1024 3556 nunc
1083 3492 1312 3555 affirmo
1358 3515 1476 3554 -ε
1537 3493 1963 3569 Democritus,
2014 3509 2172 3554 anno
2215 3494 2358 3559 513.
2417 3500 2614 3571 natus»,

441 3620 576 3664 cum
619 3601 855 3662 Xerxes
890 3598 1147 3661 -Graecis
1200 3599 1414 3662 bellum
1464 3600 1716 3661 inferret
1765 3600 2124 3663 tricesimum
2190 3602 2424 3663 tertium
2488 3604 2616 3683 egit

443 3726 680 3771 annum.
778 3707 853 3769 Et
909 3725 1040 3769 cum
1096 3707 1273 3788 Diog.
1317 3708 1513 3769 Laert.
1557 3707 1656 3770 lib.
1699 3708 1800 3770 IX.
1856 3715 1916 3783 §-
1959 3709 2080 3771 34:
2147 3699 2347 3781 Οὗτος
2396 3705 2619 3791 μάγων

440 3820 625 3883 τινῶν
651 3811 960 3896 ’διήκουσε
1005 3853 1085 3870 -ψ
1139 3818 1282 3895 παρ’
1327 3807 1415 3878 ὧν
1453 3813 1529 3878 τά
1574 3838 1642 3878 τε
1686 3818 1838 3898 περι*
1876 3819 2201 3897 θεολογίας
2242 3816 2349 3879 καί
2386 3820 2617 3901 α’στρο..

443 3927 654 4005 λογίας
697 3922 933 4001 ἔμαθεν
970 3921 1085 3987 ἔτι
1135 3933 1328 3997 παῖς
1373 3915 1477 3987 α’)’ν
1521 3926 1717 3998 dicat,
1760 3911 1877 3989 hoc
1919 3926 2048 3987 fere
2090 3926 2270 3986 modo
2312 3926 2616 3989 Freretum

447 4035 706 4096 locutum
747 4049 884 4093 esse
931 4015 1282 4110 exspectes}
1348 4031 1533 4111 „Tout
1577 4051 1649 4094 ce
1698 4052 1813 4114 que
1862 4034 1979 4095 l’on
2030 4039 2168 4113 peut
2213 4031 2339 4094 dire
2386 4035 2463 4096 de
2503 4035 2619 4097 Γό-

448 4161 647 4224 poque
696 4144 771 4204 de
816 4142 869 4202 la
914 4141 1234 4202 naissance
1277 4141 1352 4202 de
1373 4142 1712 4204 Democrite
1738 4143 1886 4204 c'est
1925 4142 2062 4220 qu'il
2106 4142 2266 4203 avait
2308 4160 2391 4204 au
2430 4143 2624 4204 moins

450 4258 739 4329 quatorze
800 4268 879 4311 ou
934 4248 1149 4328 quinae
1208 4265 1317 4312 ans
1374 4267 1452 4311 en
1494 4250 1671 4315 480ss
1757 4249 1899 4310 Tum
1970 4249 2127 4312 bene
2187 4256 2440 4331 apteque
2508 4252 2625 4316 ad-

454 4359 745 4422 didisset:
822 4356 1128 4438 „puisqn'il
1193 4358 1337 4419 etait
1397 4375 1472 4419 en
1548 4357 1670 4420 etat
1731 4357 1806 4422 de
1875 4358 2257 4420 s’entretenir
2326 4376 2479 4421 avec
2534 4359 2625 4421 les
