2975 4959
1274 289 1767 356 ...50-

457 480 616 542 illum
657 477 899 544 venisse
942 482 1118 555 atque
1158 476 1364 537 florem
1406 476 1538 537 eius
1582 445 1997 536 tunc⁴demum
2025 472 2324 551 incepisse
2352 470 2634 532 Herbstio

455 603 580 650 non
624 584 890 647 credam.
958 575 1374 661 Ἤκμαζεν
1418 579 1755 663 olympiade
1815 580 2186 662 octogesima
2232 585 2484 659 quarta,
2550 579 2636 640 ait

457 693 770 777 syncellus
829 704 965 773 pag.
1011 691 1150 753 248.
1194 671 1248 753 Α
1287 689 1607 753 Eusebium
1666 695 1927 752 secutus.
2026 687 2169 749 ltem
2230 687 2634 769 Apollodorus

460 802 616 883 apud
658 800 835 882 mog.
884 799 1079 860 Laeti.
1125 797 1224 859 tib.
1271 798 1373 860 lx.
1422 804 1481 873 §-
1529 798 1608 858 56
1631 781 1660 860 ε’
1700 794 1836 860 Καὶ
1876 794 2278 872 ἀκμάζειν
2317 793 2475 856 „aaa
2520 790 2634 874 τήν

454 908 939 991 τετάρτην·και“
992 902 1420 987 ,ὄγδοηκοστὴν
1480 899 1868 983 ὀλυμπιάδα.
1966 904 2243 966 Neutrius
2299 922 2377 965 ex
2430 903 2634 983 verbis

460 1019 851 1097 Protagoram
897 1013 1232 1095 olympiade
1297 1015 1669 1097 octogesima
1730 1020 1937 1093 quarta
1985 1015 2235 1095 primum
2275 1011 2633 1075 inclaruisse

457 1131 521 1186 et
555 1140 665 1203 per
709 1129 846 1184 octo
892 1121 1112 1182 deinde
1156 1138 1310 1200 quae
1354 1123 1511 1183 hanc
1551 1119 1946 1201 olympiadem
1992 1122 2261 1184 insecuta
2301 1123 2420 1185 sint
2449 1121 2631 1182 lustra

458 1214 537 1295 ad
603 1216 1053 1312 nonagesimam
1118 1234 1384 1306 quartam
1445 1229 1723 1290 floruisse
1788 1228 1992 1310 colligi
2044 1235 2263 1309 polea.
2327 1228 2512 1291 .Nam
2577 1230 2635 1289 si

463 1337 700 1421 quidem
727 1337 1127 1416 Apollodorus
1171 1353 1348 1397 unam
1389 1352 1467 1396 ex
1518 1334 1727 1397 decem
1772 1335 2016 1398 exhibet
2058 1335 2472 1417 olympiadem,
2515 1354 2633 1417 qua

458 1446 844 1527 Protagoram
905 1444 1182 1507 floruisse
1250 1443 1392 1506 dicit
1450 1450 1580 1505 κατ’
1648 1441 1872 1523 ἑξοχήν
1904 1490 1922 1521 ,
1989 1443 2109 1507 boc
2167 1445 2298 1507 fere
2362 1452 2634 1525 tempore

463 1570 638 1639 quam
681 1553 937 1620 maxime
986 1552 1245 1613 valuisse
1288 1551 1557 1613 inurunt
1605 1551 1833 1631 ingenii
1890 1551 2116 1613 viribus
2164 1558 2227 1614 et
2265 1553 2632 1613 auctoritatis

458 1663 656 1745 gloria
701 1662 893 1742 magis
957 1667 1442 1722 consentaneum
1485 1666 1620 1737 est,
1684 1659 1857 1741 quam
1914 1662 2164 1740 primum
2225 1659 2367 1722 inde
2424 1659 2643 1722 florem·

461 1772 592 1834 eius
653 1769 888 1848 cepisse
948 1770 1196 1831 initium.
1303 1768 1724 1831 Recentiorum
1792 1787 1939 1831 vero
2002 1769 2636 1852 chronographorum,

471 1876 660 1957 qualis
705 1876 1000 1937 Eusebius
1062 1883 1258 1937 estet
1302 1876 1658 1956 SyncelluS,
1726 1895 1898 1956 quam
1961 1876 2112 1939 levis
2172 1878 2251 1940 sit
2308 1879 2368 1940 in
2427 1876 2644 1941 talibus

462 1985 817 2048 testimoniis
875 1987 1237 2074 auctoritaS,
1297 1986 1561 2048 ostendit
1621 1985 2177 2051 Frid.·Ritschelius
2233 1987 2380 2049 Mus.
2435 1987 2635 2050 Rhen.

466 2093 649 2156 1843.
689 2110 825 2174 pag:
871 2091 1014 2157 628.
1098 2092 1252 2173 Apte
1318 2094 1497 2155 etiam
1552 2093 1924 2156 Hermannus
1986 2094 2213 2157 monuit
2270 2112 2409 2176 pag.
2458 2093 2583 2157 364
2614 2119 2634 2158 ε

464 2200 724 2281 „Musste
772 2199 905 2262 sich
945 2200 1302 2282 Protagoras
1345 2203 1511 2264 nicht
1550 2201 1740 2264 sebon
1791 2201 1996 2292 friiher
2047 2219 2121 2264 an
2178 2202 2407 2265 andern
2452 2203 2640 2289 Orten

424 2389 431 2392 ,
465 2308 943 2373 Griechenlands
985 2311 1449 2391 ausgezeichnet
1487 2311 1707 2385 haben,
1748 2310 1862 2373 ebe
1904 2329 1974 2373 er
2006 2311 2202 2373 Athen
2243 2329 2320 2374 zu
2363 2312 2639 2374 betreten

461 2434 678 2497 wagen
702 2416 822 2478 und
857 2416 992 2478 dort
1022 2417 1269 2480 solchen
1295 2418 1553 2480 Einfluss
1586 2418 1873 2500 erlangen
1906 2419 2131 2481 konnte
2145 2420 2210 2483 ?“
2253 2421 2639 2501 Nequaquam

465 2526 650 2606 igitur
693 2524 770 2585 de
816 2540 974 2585 anno
1014 2523 1159 2587 443.
1204 2525 1623 2607 quadraginta,
1667 2544 1776 2605 per
1819 2542 1969 2606 quos
2015 2533 2201 2588 artem
2245 2544 2414 2589 suam
2455 2544 2643 2589 exer-

467 2616 679 2705 cuerit,
724 2630 1026 2694 deducere
1071 2633 1218 2695 satis
1260 2640 1353 2695 est
1400 2633 1474 2694 ad
1519 2635 1727 2695 mortis
1774 2650 1993 2696 annum
2030 2633 2447 2696 definiendum.
2505 2670 2510 2677 -

629 2739 750 2804 Sed
793 2733 945 2819 quae
984 2740 1274 2804 hactenus
1320 2744 1813 2822 pertractavimus
1856 2742 2115 2806 Herbstii
2159 2749 2507 2823 argumenta
2547 2743 2646 2803 le-

471 2846 643 2906 viora
715 2827 1032 2924 quaedam
1074 2864 1212 2914 esse
1281 2847 1453 2909 dicit:
1519 2865 1677 2909 nunc
1742 2848 1990 2909 demum·
2042 2848 2120 2909 ad
2185 2852 2464 2930 graviora
2530 2866 2647 2914 nos

475 2959 875 3033 perventuros
929 2968 1088 3015 esse.
1173 2953 1434 3027 Quorum
1496 2957 1744 3035 primum
1807 2974 1894 3016 ex·
1927 2954 2174 3017 Timone
2231 2962 2323 3017 est
2375 2961 2644 3018 sumtum.

479 3044 779 3126 Attamen
803 3059 914 3139 ipsi
959 3077 1036 3120 ne
1079 3060 1208 3122 boc.
1242 3063 1478 3141 quidem
1524 3080 1630 3143 per
1671 3082 1739 3125 se
1771 3064 1916 3124 satis
1937 3061 2164 3124 firmum
2190 3063 2459 3126 videtur:
2504 3077 2641 3145 pag.

474 3163 576 3233 96.
623 3167 781 3226 enim
866 3166 980 3245 „Es
1038 3169 1272 3250 giebt“,
1327 3170 1551 3251 inquit,
1615 3188 1769 3250 „von
1815 3171 2050 3233 Ti'mon'
2086 3170 2483 3234 eineneSillus
2544 3171 2652 3233 auf

479 3273 597 3335 den
638 3273 1018 3355 Protagoras,
1053 3277 1116 3337 in
1161 3276 1295 3338 dem
1337 3295 1406 3339 er
1447 3295 1566 3340 von
1608 3280 1730 3342 ihm
1770 3285 1928 3362 sagt,
1972 3280 2104 3341 dem
2149 3278 2501 3342 Gistbecher-
2538 3278 2650 3342 des

477 3379 764 3445 Sokrates
806 3382 963 3443 habe
1008 3399 1076 3445 er
1115 3385 1254 3461 wel,
1296 3386 1443 3447 aber
1483 3386 1650 3449 nicht
1695 3386 1830 3449 dem
1854 3387 2019 3449 Tode
2045 3388 2346 3469 entgehen
2388 3387 2651 3462 konnen,

482 3490 662 3551 einen
703 3488 1084 3571 Aussprucb,
1127 3491 1283 3559 nach
1328 3491 1461 3553 dem
1504 3493 1749 3573 folglich
1794 3493 2157 3574 Protagoras
2199 3493 2509 3555 entweder
2548 3494 2654 3555 mit

481 3597 768 3660 Sokrates
813 3596 1085 3680 zugleicb
1128 3601 1278 3661 oder
1320 3599 1464 3661 kurz
1505 3600 1660 3662 nach
1707 3601 1827 3662 ihm
1871 3606 2093 3664 musste
2133 3601 2454 3683 angeklagt
2496 3601 2649 3663 sein.

483 3704 658 3766 Zwar
713 3704 895 3768 liesse
952 3707 1084 3767 sieh
1147 3706 1279 3768 hier
1332 3706 1553 3784 leicht,
1615 3708 1806 3769 zumal
1863 3707 1962 3770 bei
2021 3707 2155 3770 dem
2199 3708 2486 3787 Dichter,
2550 3709 2652 3769 ein

482 3812 996 3877 Anachronismus
1052 3815 1424 3893 annebmen3
1502 3815 1659 3878 doch
1722 3816 1880 3878 finde
1941 3817 2051 3879 ich.
2098 3816 2177 3878 im
2238 3816 2399 3878 Plato
2470 3817 2658 3879 selbst

484 3922 622 3983 eine
665 3920 864 4000 Stelle,
907 3924 1060 3987 nach
1104 3924 1215 3987 der
1251 3943 1319 3987 es
1366 3927 1732 4008 wenigstens
1773 3943 1990 4007 grosse
2015 3925 2662 3988 Wabrscbeinlicbkeit

485 4028 808 4102 bekommt,
858 4030 1000 4090 dass
1041 4048 1108 4092 er
1145 4048 1255 4094 zur
1298 4031 1426 4093 Zeit
1470 4031 1579 4095 des
1623 4032 2049 4095 Sokratischen
2087 4032 2409 4095 Prozesses
2451 4048 2652 4112 ange-

419 4125 426 4134 ’
485 4136 652 4218 klagt
694 4137 948 4200 worden
989 4139 1085 4200 ist.
1168 4140 1353 4202 Diese
1388 4140 1570 4204 Stelle
1611 4143 1688 4203 ist
1729 4141 2032 4202 Theaetet.
2080 4141 2224 4203 171.-
2258 4141 2346 4204 D:
2415 4137 2555 4209 Καὶ
2593 4140 2657 4201 εἰ

487 4244 993 4329 (Πρωταγόρας)
1050 4246 1275 4310 αὐτίκα
1321 4251 1610 4312 ἐντεῦθεν
1653 4249 2002 4326 α’νακύψειε
2059 4253 2253 4328 μέχρι
2318 4248 2424 4310 τοῦ
2457 4246 2655 4325 αὕχέ·

482 4332 607 4433 ισοξ,
652 4355 850 4417 πολλὰ
893 4348 972 4419 ἂν
1011 4357 1124 4437 ἐμέ
1167 4379 1231 4420 τε
1273 4359 1521 4440 ἐλέγξας
1565 4359 1908 4442 ληροῦντα,
1951 4356 2038 4433 ὥς
2087 4358 2158 4421 τὸ
2196 4351 2393 4434 εἰκός,
2435 4355 2543 4418 καί
2582 4352 2657 4418 σὲ
