2975 4959
27 131 47 168 t

1142 905 1849 984 mummolum.

1399 1091 1601 1104 Ἠ

629 1235 741 1305 »In
791 1236 1090 1307 historia
1156 1237 1642 1331 sophistarum
1698 1234 2091 1307 enarranda
2146 1260 2228 1305 ac
2282 1233 2578 1305 ferendo

415 1359 510 1430 de
554 1383 804 1429 eorum
859 1360 1136 1454 placitis
1187 1358 1457 1430 iudicio
1514 1361 1776 1429 mirum
1828 1373 1934 1430 est
1983 1373 2335 1454 quantum
2380 1358 2580 1453 prio-

401 1484 621 1553 -ribus
686 1484 1142 1577 temporibus
1210 1508 1250 1555 a
1316 1509 1485 1553 vero
1559 1484 2049 1553 aberraverint
2123 1507 2376 1553 omnes
2451 1482 2578 1576 qui

414 1583 606 1676 hanc
653 1606 997 1676 historiae
1050 1606 1559 1702 philosophiae
1605 1621 1881 1702 partem
1938 1607 2333 1702 attigerint,
2386 1606 2574 1700 capti

415 1731 734 1800 Platonis
787 1753 871 1800 ac
912 1728 1422 1826 Xenophontis
1474 1731 1922 1828 auctoritate,
1974 1756 2158 1826 quos
2208 1731 2430 1825 ipsos,
2468 1730 2572 1798 vel

410 1853 790 1922 metientes
846 1852 959 1921 illa
1013 1853 1272 1946 prioris
1340 1838 1589 1923 aetatis
1652 1853 1959 1945 lumina,
2029 1852 2365 1948 Gorgiam
2433 1854 2573 1921 im-

411 1975 665 2070 primis
718 2000 800 2045 ac
853 1978 1346 2071 Protagoram,
1397 2000 1482 2045 ex
1533 1977 1993 2047 homunculis
2036 1976 2186 2045 istis
2238 2001 2424 2070 quos
2449 2000 2574 2046 sua

408 2109 639 2167 aetate
716 2087 1180 2193 sophisticam
1258 2112 1481 2168 artem
1554 2112 1965 2168 exercentes
2028 2097 2404 2190 viderent,
2463 2099 2574 2167 vel

407 2218 648 2290 studio
701 2219 958 2291 ductos
1008 2222 1460 2316 praeceptori
1513 2246 1643 2291 suo
1699 2213 1982 2291 illorum
2046 2222 2572 2292 obtrectatione

406 2343 784 2413 clariorem
834 2344 1068 2413 lucem
1123 2342 1745 2415 circumfundendi
1794 2343 1884 2414 ad
1937 2345 2147 2439 longe
2198 2344 2570 2439 iniquissi-

408 2489 609 2536 mum
659 2464 752 2536 de
803 2466 938 2536 illis
989 2466 1334 2537 iudicium
1393 2466 1769 2540 ferendum
1823 2457 2196 2561 permotos
2246 2491 2396 2537 esse
2431 2494 2568 2563 pu·-

401 2588 703 2659 tandum
762 2603 888 2659 est.
950 2627 1032 2641 ——-
1092 2591 1573 2687 Summopere
1626 2591 1837 2686 igitur
1881 2591 2280 2686 optandum
2329 2605 2435 2661 est
2486 2606 2564 2662 ut

403 2712 697 2784 tandem
779 2715 1128 2806 existant,
1214 2717 1340 2811 qui
1422 2717 1599 2785 locis
1672 2715 2104 2810 scriptorum
2189 2705 2569 2811 diligenter

400 2837 759 2931 congestis
811 2851 883 2907 et
932 2840 1135 2909 omui
1189 2864 1265 2909 re
1317 2842 1450 2911 rite
1502 2863 1860 2934 perpensa
1908 2839 2063 2909 sine
2131 2839 2235 2908 ira
2293 2854 2365 2909 et
2411 2854 2564 2911 stu·-

398 2958 525 3029 dio
582 2956 672 3029 de
721 2961 1063 3056 sophistis
1107 2976 1530 3058 expona'nt.«
1603 3001 1608 3006 -

592 3080 695 3152 Ita
741 3083 1114 3155 Eduardus
1157 3086 1464 3157 Geistius
1487 3086 1732 3181 Progr.
1765 3083 2072 3180 Paedag.
2121 3084 2299 3157 Giss.
2340 3091 2553 3159 1827.

399 3229 472 3299 p.
511 3208 557 3276 3
644 3202 878 3293 ‘Quod
908 3232 1127 3302 quam
1180 3233 1345 3279 vere
1370 3208 1813 3304 disputatum
1865 3208 1956 3278 sit
2006 3212 2148 3278 iam
2180 3233 2399 3280 nemo
2454 3227 2561 3282 est

395 3326 579 3420 quin
630 3327 989 3424 intelligat.
1093 3333 1663 3427 Praeterlapsum
1717 3331 1912 3402 enim
1968 3330 2143 3401 illud
2206 3346 2320 3403 est‘
2366 3347 2558 3403 tem-
2635 3354 2639 3358 ·

402 3472 580 3542 pus,
651 3475 800 3545 quo
870 3453 1355 3550 sophistarum
1422 3453 1758 3526 doctrina
1825 3479 1975 3525 non
2037 3454 2563 3548 intelligebatur

392 3571 531 3641 nisi
612 3597 696 3643 ex
787 3600 984 3646 mera
1058 3578 1322 3649 mentis
1396 3577 1758 3648 humanae
1839 3576 2294 3647 aberratione
2372 3603 2555 3674 qua-

391 3690 559 3763 dam
612 3696 1086 3794 ipsorumque
1152 3700 1349 3771 inani
1404 3701 1690 3796 “gloriae
1741 3700 2043 3792 aurique
2115 3702 2547 3793 captatione.

392 3815 617 3909 Quod
652 3820 869 3889 etiam
926 3822 984 3891 si
1036 3836 1229 3893 recte
1277 3795 1523 3916 fieres,
1576 3821 2035 3919 quaestiones
2080 3822 2549 3918 Protagoreas

389 3938 759 4011 instituere
835 3944 1062 4015 nihilo
1137 3963 1267 4041 ego
1342 3948 1563 4043 magis
1627 3944 2101 4052 dubitassem:
2182 3970 2346 4015 nam
2419 3949 2598 4042 qui·

389 4083 519 4130 sua
568 4064 847 4135 ratione
894 4092 1174 4162 suoque
1212 4069 1519 4162 ’ingenio
1553 4080 1802 4137 totam
1861 4067 2086 4162 quasi,
2132 4091 2574 4168 repraesen-v

386 4181 608 4253 tarint
643 4200 975 4281 aetatem,
1016 4190 1092 4282 ii,
1151 4191 1480 4285 quamvis
1519 4203 1770 4261 natura
1815 4189 2079 4260 fuerint
2120 4188 2545 4283 pravissimi,

382 4315 628 4378 tamen
672 4334 820 4382 non
870 4328 1167 4406 possunt
1229 4338 1479 4385 eorum
1524 4314 1660 4408 'qui
1701 4315 2137 4385 Graecorum
2190 4310 2401 4380 rebus
2433 4313 2544 4381 in-
