2975 4959
1213 306 1319 325 —.
1414 220 1556 338 1²67*
1655 305 1748 316 -

410 457 587 520 (lidae
646 457 932 533 avaritiae
990 457 1168 521 homo
1228 458 1611 539 appellandus
1670 459 1814 519 est?
1895 457 2066 531 Quod
2124 473 2269 519 vero
2325 457 2562 519 multum

415 567 648 645 accepit
691 564 1008 644 mercediS,
1054 583 1130 626 eo
1176 568 1517 647 magistrum
1560 584 1691 627 eum
1735 565 1919 628 fuisse
1967 571 2210 644 apparet
2256 565 2566 637 eximium:

411 692 547 735 nam
592 681 813 735 tantum
864 675 1110 754 quisque
1156 674 1495 754 pendebat,
1553 680 1828 752 quantum
1874 674 2205 753 profecisse
2247 672 2566 735 videretur.

410 781 486 844 Ut
546 783 604 843 in
665 783 1031 861 posteriores
1097 782 1392 862 sophistas
1447 783 1625 843 cadat
1684 782 1815 844 talis
1876 782 2247 843 criminatio:
2313 782 2570 841 omnium

410 889 648 950 minime
694 890 853 951 cadit
880 890 953 951 in
997 890 1380 970 Protagoram
1409 891 1506 964 ὓ).

495 1066 499 1070 ,
577 997 820 1059 Praeter
844 997 1148 1078 vulgarem
1175 997 1514 1059 scholarum
1559 1014 1815 1071 cursum,
1858 993 2069 1074 quibus
2096 1012 2228 1056 cum
2271 992 2572 1072 discipulis
2669 1056 2674 1063 ,

410 1107 730 1185 separatim
777 1105 1108 1184 disputabat
1155 1104 1485 1197 (σύγειναι,
1530 1107 1933 1184 διαλέγεσθαι
1960 1153 1976 1183 ,
2024 1120 2176 1182 quae
2227 1103 2343 1163 hoc
2389 1118 2573 1162 sensu

410 1230 445 1275 a
496 1212 737 1274 Platone
795 1220 911 1275 tam
977 1213 1052 1275 de
1111 1214 1394 1294 magistro
1441 1216 1640 1293 quam‘
1677 1211 1751 1273 de
1813 1210 2181 1274 auditoribus
2243 1211 2567 1291 dicuntur),
2639 1290 2645 1295 ς

410 1319 792 1409 Protagorae,
834 1328 897 1383 ut
925 1321 1204 1402 Gorgiae,
1250 1321 1480 1382 Prodici
1531 1320 1897 1399 aliorumque
1936 1319 2352 1399 sophistarum,
2392 1319 2572 1378 etiam

408 1429 653 1490 alterum
678 1437 806 1491 erat
837 1430 1092 1498 docendi
1118 1447 1309 1511 genus
1339 1429 1412 1490 ab
1437 1429 1537 1490 illo
1559 1446 1802 1508 prorsus
1833 1427 2149 1489 diversum.
2188 1427 2249 1487 ld
2281 1428 2338 1486 in
2362 1425 2570 1504 dispu-
2677 1463 2687 1473 ·

408 1537 734 1599 tationibus
758 1539 1078 1600 recitandis
1099 1539 1466 1615 versabatur,
1505 1555 1652 1618 quas
1699 1537 1983 1598 audituris
2014 1542 2236 1597 certum
2273 1534 2569 1613 quoddam

404 1646 657 1724 pretium
697 1640 982 1727 magister
1026 1646 1444 1711 constituebat.
1533 1645 1661 1717 Qua
1708 1644 2033 1705 occasione
2077 1661 2207 1704 cum
2254 1642 2416 1703 multi
2458 1658 2571 1703 so-

404 1751 725 1831 phistarum
751 1756 828 1815 uti
857 1754 1119 1816 solerent
1163 1754 1238 1814 ad
1282 1753 1517 1814 dicendi
1566 1752 1902 1814 facultatem
1937 1752 2281 1832 ingeniique
2320 1767 2572 1832 acumen

408 1862 846 1940 ostentandum,
890 1866 1020 1926 eius
1059 1864 1219 1925 modi
1259 1865 1644 1925 recitationes
1691 1863 2018 1935 ἐπιδείξεις
2056 1861 2233 1941 vulgo
2280 1860 2574 1920 diceban-

405 1974 536 2033 tur:
579 1971 738 2035 conf.
787 1971 1082 2047 ἐπίδειξιν
1126 1956 1441 2032 antefa-‘iae
1468 1971 1609 2032 Plat.
1653 1970 1820 2051 Hipp.
1871 1971 2007 2031 mai.
2052 1988 2187 2050 pag.
2237 1971 2377 2031 262,
2422 1969 2465 2029 Β
2503 1969 2571 2046 C,

401 2080 564 2143 Suid.
597 2080 651 2140 ἤ.
678 2078 1023 2159 Πρόδικος,
1047 2078 1315 2141 Philoslr.
1342 2098 1476 2160 pag.
1501 2080 1641 2148 482.
1670 2079 1875 2159 (KaYS.
1900 2096 1954 2157 p.
1975 2077 2103 2155 6.);
2148 2073 2573 2154 ἐπιδεικνύναι

406 2185 546 2248 Plat.
575 2185 745 2267 Hipp.
793 2187 933 2248 mais
973 2205 1110 2268 pag.
1136 2185 1274 2249 286.
1323 2186 1384 2263 Β,
1419 2186 1660 2263 287.Β;
1707 2187 2176 2249 ἐπιδεώινυσθαι
2219 2184 2360 2245 Plat.
2400 2184 2570 2263 Hipp.
2611 2218 2622 2227 ,

406 2274 542 2356 mai.
567 2296 705 2357 285.
734 2295 798 2372 C,
825 2294 1097 2374 Xenoph.
1124 2295 1295 2356 Mem.
1323 2294 1419 2357 lib.
1446 2294 1517 2357 11.
1549 2313 1678 2375 cap.
1706 2295 1747 2358 1.
1767 2302 1851 2368 xS.
1886 2294 1984 2354 21.
2052 2295 2103 2354 Α
2147 2293 2428 2354 mercede
2470 2293 2569 2352 in·-

404 2404 644 2465 traturis
684 2403 996 2483 pendenda
1030 2405 1334 2485 Diogenes
1376 2403 1572 2466 1112211.
1613 2411 1669 2479 ς.
1700 2403 1800 2466 62.
1847 2404 2196 2481 ἐμμίσθους
2237 2396 2572 2479 ἀκροάσεις

400 2512 685 2589 nominat,
726 2511 944 2574 Athen.
989 2511 1089 2574 lib.
1113 2512 1180 2573 V.
1220 2530 1361 2593 pag.
1388 2514 1530 2574 212.
1561 2512 1607 2574 C
1647 2510 1946 2594 ἐρανικὰς
1983 2508 2331 2588 ἀκροάσεις.
2387 2510 2567 2590 Diog.

398 2619 595 2681 Laert.
641 2619 739 2679 tib.
786 2619 876 2680 ΙΧ.
919 2625 979 2693 §-
1026 2619 1144 2682 50:
1217 2612 1414 2692 Οὗτος
1462 2614 1962 2701 (Πρωταγόρας)
2021 2617 2130 2677 καί
2167 2614 2488 2695 Πρόδικος
2531 2613 2567 2677 ὅ

406 2728 598 2798 Κεῖος
643 2719 857 2807 λὸγὸυς
918 2723 1437 2804 ἀναγινώσκοντες
1479 2725 1870 2807 ἠρανιζοντο.
1953 2724 2314 2804 Protagoras
2375 2741 2569 2802 quan-

397 2840 516 2894 tum
565 2850 673 2913 pro
717 2834 1166 2896 recitationibus
1209 2822 1334 2894 suis
1373 2834 1688 2912 exegerit,
1742 2848 2027 2911 nusquam
2084 2830 2405 2892 indicatum
2448 2838 2563 2894 est.

397 2942 514 3004 Sed
576 2959 710 3002 cum
773 2959 804 3002 a
855 2941 1136 3016 Socrate,
1210 2944 1308 3021 qui
1354 2940 1590 3003 Prodici
1652 2919 2021 3016 ἐπιδείξεωώ
2070 2939 2259 3019 pretia
2323 2940 2561 3019 saepius

398 3049 705 3111 cavillatur
762 3049 1091 3124 (ἐπίδειξις
1154 3049 1819 3130 πεντηκοντάᾶραχμος
1878 3048 2031 3110 Crat.
2097 3066 2231 3130 pag.
2275 3048 2421 3115 384.
2469 3033 2560 3127 B,

398 3155 749 3235 δραχμιαιά
817 3156 1079 3232 ibidem;
1152 3156 1311 3223 conf.
1374 3142 1623 3217 Axioch.
1691 3173 1826 3236 pag.
1883 3154 2024 3216 366.
2076 3155 2163 3216 B:
2230 3156 2559 3234 ,Προδίκου

398 3261 536 3323 ἐστι’
579 3260 689 3320 ’τοῦ
731 3258 1372 3344 σοφοῦᾰπηχήματα
1398 3308 1416 3340 ,
1458 3256 1533 3324 τὰ
1581 3264 1698 3338 μὲν
1741 3264 2029 3342 διμοίρου
2076 3265 2390 3340 ἐωνημένα
2418 3307 2439 3337 ,
2476 3260 2555 3325 τά

397 3370 465 3429 δὲ
508 3367 683 3426 δυοῖν
729 3367 1068 3446 ὃραχμαῖν,
1113 3364 1190 3429 τὰ
1238 3371 1307 3429 δὲ
1353 3368 1892 3451 τετραδράχμου),
1928 3370 2003 3429 de
2048 3368 2374 3449 Protagora
2426 3371 2557 3432 eius

397 3476 560 3538 modi
620 3474 762 3535 nihil
817 3493 896 3535 ne
956 3476 1145 3536 verbo
1211 3476 1446 3556 quidem
1512 3478 1848 3554 indicetur,
1913 3476 2069 3538 haud
2117 3479 2315 3557 inepte
2361 3479 2558 3539 conii-

528 3591 585 3660 *)
621 3590 788 3642 Nolim
827 3607 927 3658 ego
964 3606 1075 3642 cum
1116 3591 1391 3645 Weleliero
1429 3609 1548 3677 pag.
1588 3594 1673 3646 28.
1716 3594 1779 3643 ad
1815 3593 2138 3661 Protagoram
2182 3594 2558 3647 defendendum

396 3660 641 3712 adhibere
677 3662 890 3714 Dionem
930 3662 1367 3727 Chrysostomum,
1407 3667 1493 3732 qui
1539 3664 1623 3716 Or.
1662 3664 1787 3727 LIV,
1820 3674 2094 3732 postquam
2136 3666 2387 3731 Hippiam,
2427 3666 2558 3717 Gor-

397 3732 553 3797 giam,
590 3733 783 3795 Polum‚
819 3732 1242 3798 Thrasymachum
1282 3738 1536 3801 sophistas
1576 3751 1667 3800 pro
1701 3751 1888 3823 magno
1924 3739 2087 3802 pretio
2123 3752 2278 3786 vanas
2320 3737 2559 3789 docuisse

398 3804 654 3852 orationes
690 3806 1005 3862 memoravit,
1036 3803 1226 3860 ’Ἁλλος
1271 3808 1331 3859 δέ
1360 3827 1456 3865 τις,
1491 3808 1676 3890 inquit,
1717 3805 1857 3876 ανὴρ
1893 3807 2226 3876 naamam,
2263 3806 2383 3875 οὗχ’
2407 3806 2557 3866 ὅπως

405 3893 678 3958 αργιριον
719 3881 852 3940 παρ’
894 3876 1094 3961 ἑτέρων
1146 3874 1480 3946 ἐλαιιβανεν,
1535 3872 1669 3929 ἄλλᾶ
1724 3884 1816 3929 κάι
1876 3877 2161 3966 διέφθειρε
2208 3898 2254 3929 v
2249 3899 2302 3941 ν
2353 3898 2401 3930 o
2408 3878 2557 3934 ’alar

392 3939 493 4008 τὶν
532 3944 699 3995 αὑτοῦ
744 3937 952 4013 σιχνῆν
993 3966 1052 3998 ου
1034 3940 1172 4034 ἕσαν
1217 3953 1314 3999 καὶ
1352 3947 1609 4000 απωλεσε
1650 3950 1954 4035 φιλοσοψΓ
1927 3970 2022 4002 ov.
2063 3948 2309 4001 ἅναιοθῖ
2283 3969 2421 4007 ’,τως
2461 3950 2554 4012 δη-

392 4012 580 4066 λονότι
633 4020 729 4065 και
785 4018 958 4079 ζητῶν
1012 4037 1092 4069 ων
1147 4016 1312 4070 οὐδὲν
1362 4017 1567 4105 ὄᾳελος
1616 4020 1785 4085 αύτῷ.
1875 4014 1940 4074 ἦν
1997 4020 2055 4072 δὲ
2110 4026 2207 4072 καὶ
2257 4021 2557 4088 Σωκράτης

395 4083 656 4148 Αθήνησι
708 4091 874 4149 πένης
923 4083 1064 4153 ἆνηρ
1120 4092 1214 4138 καὶ
1268 4088 1597 4159 δημοτικός,
1650 4087 1778 4140 οὐδὲ
1831 4082 1994 4148 οὗτος
2048 4084 2158 4142 ὑπὸ
2212 4096 2304 4148 τῆς
2356 4095 2554 4149 πενίας

395 4155 505 4208 n'vu
512 4173 578 4220 γκ
583 4153 848 4221 τιζὸμενος
884 4156 1050 4209 οὐθὲν
1086 4159 1355 4241 Zapassn'ryu
1338 4181 1409 4212 ιν·
1446 4168 1498 4208 et
1533 4175 1582 4224 q.
1623 4175 1765 4224 seqq
1819 4158 1977 4219 Quem
2018 4158 2186 4210 locum
2224 4161 2291 4209 ita
2327 4158 2552 4223 explicat

392 4223 730 4274 Wclckerzus
778 4223 904 4287 „Dio
942 4229 1037 4292 (or.
1062 4228 1170 4293 54.)
1209 4245 1297 4293 sag
1303 4237 1323 4277 t
1359 4244 1457 4278 von
1499 4229 1601 4277 ihm
1641 4230 1796 4310 (Piot‘
1798 4244 1961 4294 gora
1954 4233 2006 4297 ),
2047 4231 2162 4280 dass
2200 4246 2271 4291 er,
2307 4229 2550 4290 obgleich

395 4294 695 4360 Bezahlung
751 4294 1035 4355 nebmend,
1096 4296 1228 4346 doch
1278 4299 1388 4347 sein
1440 4299 1581 4347 nicht
1633 4302 1872 4364 geringts
1931 4301 2216 4363 Veimogen
2273 4308 2553 4366 znsetzte“,

397 4379 544 4430 quani
564 4366 1033 4429 interpretationem
1058 4367 1323 4432 amplexus
1347 4385 1461 4418 csse
1487 4369 2076 4421 videturZellciusllist.
2091 4368 2219 4421 Phil.
2243 4369 2325 4420 Gr.
2365 4377 2483 4419 toln.
2506 4369 2548 4421 1.
