2975 4959
493 483 564 548 Π.
649 483 1144 566 Protaqoras
1190 487 1671 568 Cyzicenus,
1715 491 1809 553 cui
1856 491 2164 554 Nicander
2193 491 2502 574 Colopho-

325 594 458 654 nius
476 590 995 675 Ἀλεξιφᾰρμακα
1048 609 1156 658 sua
1195 598 1522 678 inscripsit:
1566 598 1980 680 vid.Alexiph.
2027 615 2083 661 v.
2134 601 2193 663 3.
2242 607 2304 662 et
2346 617 2502 682 quae

325 704 636 762 annotavit
671 700 1015 765 scholiasta.
1098 703 1258 766 Vixit
1306 707 1487 786 igitur
1529 706 1798 768 secundo
1846 714 1987 769 ante
2019 707 2317 771 Christum
2357 726 2503 770 sae-

286 809 480 871 =culo.
567 809 728 870 idem
772 816 1009 889 putatur
1044 812 1511 893 ProtagorideS‚
1573 816 1741 876 'cuius
1784 832 1864 876 ex
1903 815 2144 897 scriptis
2184 815 2260 877 ab
2302 816 2500 877 Athe-

321 934 482 979 naeo
539 925 1081 983 commemorantur
1137 920 1413 996 κωμικαί
1465 917 1737 1001 ἱστορίαι
1779 920 1881 985 lib.
1923 921 2019 984 lV.
2065 939 2204 1005 pag.
2251 920 2391 987 124.
2429 924 2499 1001 C,

321 1019 653 1104 ἀκροάσεις
694 1021 991 1104 ἐρωτικαί
1042 1025 1144 1090 lib.
1173 1026 1269 1089 lv.
1315 1027 1619 1110 paga-162.
1663 1028 1727 1105 C,
1773 1031 1920 1112 περὶ
1957 1033 2304 1112 Δαφνικῶν
2342 1030 2507 1112 ἀγοί-

325 1154 448 1192 νων
489 1132 617 1193 sive
664 1131 814 1213 περὶ
855 1135 979 1197 τῶν
1023 1132 1131 1196 ἐπὶ
1166 1134 1399 1221 Δάφνῃ
1444 1132 1853 1218 ὴανηγῦρεων
1895 1137 1996 1200 lib.
2039 1137 2134 1199 lv.
2179 1155 2316 1219 pag.
2366 1141 2502 1204 150.

325 1239 412 1316 C,
464 1239 600 1304 176.
661 1243 758 1320 A,
806 1241 942 1305 183.
994 1242 1056 1304 F.
1142 1242 1319 1305 conf.
1375 1243 1811 1308 Schneiderum
1868 1245 1945 1307 ad
2003 1246 2279 1326 Alexipb.
2346 1266 2402 1308 v.
2442 1248 2505 1326 3,-

323 1348 678 1411 Meinekium
720 1351 929 1432 fragm.
976 1368 1130 1414 com.
1173 1370 1380 1433 graec.
1430 1352 1546 1415 vot.
1591 1353 1633 1414 l.
1680 1372 1821 1435 pag.
1866 1357 1959 1416 12.
2021 1353 2094 1416 Ei
2118 1355 2503 1419 Maeandrius

322 1462 495 1537 pater
535 1458 806 1521 tribuitur
849 1477 885 1521 a
927 1459 1315 1541 Bernhardyo
1354 1460 1429 1523 ad
1471 1459 1635 1524 Suid.
1680 1462 1719 1522 1.
1762 1460 1799 1524 1.

456 1565 551 1629 111.
635 1566 974 1649 Protaqo
990 1587 1126 1630 rae
1167 1568 1609 1650 geographi
1637 1572 1983 1652 γεωμετρία
2007 1571 2117 1650 τῆς
2140 1571 2506 1652 οἰκουμένης

326 1693 359 1736 a
391 1674 601 1740 Photio
647 1684 1012 1740 memoratur
1053 1677 1196 1741 bibl.
1236 1678 1375 1741 cod.
1407 1679 1540 1741 188.
1602 1677 1870 1740 Eundem
1913 1678 2126 1741 librum
2168 1678 2507 1750 Marcianus

325 1784 682 1856 Heracleota
743 1802 882 1867 pag.
910 1779 1028 1849 37.
1090 1786 1495 1870 yeoeypaqu'oev
1556 1786 1737 1860 dicit:
1803 1784 1922 1848 vid.
1979 1786 2318 1868 Geograpb.
2383 1793 2543 1853 vet.⁴

325 1892 527 1972 script.
597 1909 802 1975 graec.
864 1894 1004 1956 min.
1067 1895 1163 1956 ed.
1214 1893 1483 1957 Hudson.
1546 1894 1746 1957 Oxou.
1794 1892 1973 1956 1698.
2025 1901 2165 1958 tom.
2207 1893 2253 1957 1.
2328 1894 2501 1959 Gonf.

328 1999 595 2062 eiusdem
635 2019 776 2083 pag.
820 2001 920 2064 35.
965 2009 1023 2064 et
1059 2004 1160 2080 55,
1196 2002 1390 2066 Tzetz.
1437 2001 1586 2064 Chii.
1633 2001 1758 2065 vn.
1802 2021 1862 2066 v.
1896 2002 2040 2065 647.

487 2109 585 2175 tv.
670 2109 1191 2191 Protaqoras
1232 2112 1711 2190 astroloqus,
1744 2112 1803 2172 in
1830 2128 2004 2191 quem
2030 2108 2508 2191 abEuphotine

329 2217 659 2297 epicedium
707 2237 846 2281 esse
885 2221 1167 2299 scriptum
1211 2219 1294 2281 ait
1336 2217 1514 2299 Diog.
1550 2217 1750 2280 Laert.
1787 2217 1890 2288 lib.
1936 2217 2037 2280 IX.
2079 2226 2140 2293 s.
2182 2217 2286 2282 56.

497 2326 719 2390 Eorum
761 2329 944 2410 igitur
981 2329 1157 2390 unius
1197 2334 1424 2409 patrem
1454 2328 1643 2389 fuisse
1666 2328 2054 2390 Artemonem
2098 2326 2259 2389 haud
2302 2329 2505 2408 inepte

331 2434 638 2497 coniicias.
721 2437 868 2498 Nam
916 2436 1276 2518 Protagoras
1315 2435 1637 2518 Euagorae
1681 2434 1854 2512 filius,
1899 2435 2212 2499 Salaminis
2253 2436 2505 2518 Cyprio-

329 2560 458 2605 rum
514 2543 801 2626 regulus,
864 2544 941 2607 de
999 2563 1117 2626 quo
1174 2545 1451 2609 dixerunt
1510 2546 1706 2607 Simso
1767 2544 1980 2608 chron.
2038 2543 2254 2608 cathol.
2316 2563 2373 2608 a.
2421 2564 2500 2608 m.

335 2650 522 2715 3654.
566 2660 626 2715 et
666 2654 977 2734 Menagius
1019 2655 1095 2715 ad
1137 2656 1313 2737 Diog.
1358 2653 1554 2716 Laert.
1600 2653 1702 2716 lib.
1731 2653 1829 2718 lX.
1874 2666 1930 2733 §-
1974 2652 2080 2731 56,
2121 2672 2198 2715 ex
2238 2661 2505 2717 veterum

329 2762 566 2841 scriptis
629 2763 745 2823 iam
808 2765 1067 2825 evanuit.
1172 2763 1540 2845 Protagorae
1606 2765 1763 2823 enim
1823 2762 2081 2824 nominis
2141 2761 2281 2838 loco
2347 2760 2505 2842 apud

327 2871 654 2933 Diodorum
697 2871 956 2934 Siculum
997 2871 1095 2938 lib.
1143 2871 1302 2934 xvl.
1349 2889 1479 2952 cap.
1524 2871 1722 2934 XLVI.
1780 2879 1835 2948 §.
1890 2875 1954 2945 1,
1998 2872 2053 2933 2.
2102 2877 2165 2932 et
2200 2871 2259 2934 3.
2348 2871 2501 2932 Din-

331 2979 574 3055 dorfiuS‚
631 2985 689 3041 et
753 2980 1035 3042 Isocratis
1094 2979 1357 3061 Euagor.
1405 2997 1546 3078 pag.
1588 2981 1731 3042 201.
1820 2979 2129 3041 Bckkerus
2193 2978 2505 3059 Pnytago-

327 3104 454 3148 ram
498 3088 897 3149 restituerunt.
982 3088 1074 3149 De
1117 3087 1445 3169 Protagora
1474 3087 1626 3149 Eleo
1669 3089 1805 3167 cap.
1838 3085 1881 3152 1.
1923 3085 2141 3148 dictum
2186 3092 2304 3148 est.
2350 3086 2503 3148 Pro-

326 3195 575 3262 balisius
619 3213 766 3257 vero
815 3195 1173 3278 Protagoras
1219 3198 1279 3258 in
1321 3197 1480 3276 Papii
1520 3196 1759 3258 lexicon
1809 3204 1891 3272 (s,
1939 3214 1995 3257 v.
2038 3190 2504 3275 Πρωταγόρας·

327 3303 473 3381 „Ein
510 3303 799 3380 Athener,
844 3304 1307 3383 Προβαλίσιος,
1345 3304 1528 3366 inser.
1578 3305 1782 3378 14854)
1838 3303 2193 3366 subditicius
2238 3302 2498 3382 irrepsit.

329 3411 739 3491 inscriptionis
801 3413 958 3473 enim
1021 3412 1097 3474 ab
1163 3411 1264 3474 illo
1343 3411 1645 3473 indicatae
1710 3412 1984 3474 versibus
2041 3410 2098 3473 7.
2164 3409 2224 3472 9.
2278 3415 2342 3471 et
2400 3411 2499 3476 21.

329 3518 880 3583 flPOTAPXOl
923 3519 1549 3585 ΠΡΟΒΑΛΙΣΙΟΙ
1594 3517 2012 3605 (Πρωτάρχῳ
2054 3519 2501 3604 Προβαλισήρ)

326 3626 576 3711 legitur:
621 3628 983 3710 Protagoras
1027 3635 1389 3692 memoratur
1431 3627 1643 3692 nulluS.

1172 3893 1481 3946 CAPUT
1526 3892 1649 3943 lv.

488 4061 578 4123 De
618 4060 983 4141 Protagorae
1029 4059 1391 4139 temporibus
1434 4045 1645 4120 mirum
1703 4063 1796 4119 est
1850 4063 2067 4137 quanta
2124 4057 2281 4119 inter
2334 4055 2499 4118 viros

323 4170 536 4232 doctos
571 4172 649 4232 sit
692 4170 1017 4248 dissensio,
1059 4170 1506 4247 rationibusque
1552 4184 1724 4246 quam
1774 4168 2027 4229 diversis
2076 4166 2347 4227 diversas
2378 4162 2499 4225 sul-

322 4281 514 4342 serint
575 4281 923 4341 sententias,
1012 4276 1190 4339 Cuius
1255 4275 1654 4337 dissensionis
1699 4274 1852 4336 haec
1894 4274 2003 4336 suit
2050 4287 2267 4349 causa,
2336 4269 2498 4350 quod

326 4393 591 4451 veterum
652 4388 1004 4467 scriptorum
1065 4386 1221 4464 loci,
1281 4384 1382 4465 qui
1438 4382 1514 4445 ad
1576 4382 1943 4462 Protagorae
1993 4385 2246 4441 aetatem
2305 4376 2495 4458 perti-
