2975 4959
1233 266 1365 306 --’
1439 256 1573 330 136
1674 292 1770 306 -—

423 458 703 537 quattuor
755 455 869 519 illis
924 455 1363 535 respondentes
1422 443 1816 517 observarit.¹
1879 454 2052 528 Quod
2114 470 2309 533 neque
2368 471 2478 534 per
2534 466 2605 517 se

425 566 697 627 subtilius
743 571 837 626 est
882 582 1055 643 quam
1106 570 1168 626 ut
1207 564 1567 644 Protagoras
1614 563 1857 643 ingenio
1900 579 2011 624 suo
2058 579 2277 642 capere
2325 563 2604 642 potuerit,

423 680 487 734 et
528 672 818 735 similibus
865 674 1122 734 inventis
1170 673 1578 753 grammaticis
1630 688 1751 733 non
1798 671 1990 732 minus
2034 672 2224 733 acutis
2268 670 2600 733 doctrinam

421 781 551 842 eius
596 781 657 841 in
700 778 793 841 his
837 779 1025 841 rebus
1064 786 1359 845 versatam
1408 779 1699 840 videmus.
1784 777 2038 840 Accedit
2087 791 2233 839 vero
2256 778 2597 841 Aristotelis

421 887 594 949 locus
637 886 898 967 quidam,
942 905 1060 966 quo
1104 887 1448 948 distinxisse
1493 886 1648 948 illum
1693 888 1858 965 ipsos
1900 884 2068 946 verbi
2117 886 2331 947 modos
2370 885 2597 966 proba-

424 998 540 1058 bile
604 996 685 1056 fit.
769 994 994 1057 -Primis
1060 996 1217 1063 enim
1277 995 1476 1057 lliadis
1536 996 1822 1059 versibus·
1868 993 1984 1056 hoc
2034 988 2270 1075 quo'que
2336 1011 2594 1074 praece—

423 1113 581 1185 ptum
642 1103 942 1166 illustrans
1007 1104 1161 1180 (vid.
1205 1088 1342 1185 pag.
1392 1103 1565 1180 131.)
1610 1104 1970 1183 Protagoras
1998 1104 2148 1187 ‚MrJ
2164 1124 2288 1165 νιν
2354 1094 2596 1167 ἄειδε

420 1210 580 1275 θεά
652 1230 790 1274 esse
856 1208 1115 1291 ἐντολήν
1152 1214 1275 1288 ait,
1331 1230 1681 1294 ⁴quanquam
1725 1206 1974 1292 εὔχωλή
2021 1212 2217 1292 potius
2274 1218 2594 1291 exspecte-

422 1327 555 1396 tur,
621 1339 755 1382 nam
812 1337 933 1381 non
990 1320 1209 1382 decere
1250 1320 1549 1382 bominem
1610 1319 1741 1381 deis
1793 1321 2110 1399 imperare.
2192 1318 2266 1381 Et
2308 1319 2427 1381 hoc
2471 1320 2597 1400 igi-

313 1494 318 1499 ,
419 1435 512 1491 tur
576 1435 638 1491 et
696 1427 892 1489 multis
950 1428 1082 1490 aliis
1141 1428 1294 1490 locis
1350 1425 1599 1506 ἐντολήν
1664 1433 1999 1506 usurpatam
2050 1444 2228 1505 esse,
2297 1427 2397 1489 ubi
2459 1445 2593 1488 ma-

417 1539 514 1618 gis
583 1538 908 1601 conveniat
976 1533 1277 1617 εὕχωλή.
1360 1535 1532 1609 Quod
1597 1537 1952 1597 Aristoteles
2017 1536 2180 1597 Poet.
2246 1552 2376 1615 cap.
2434 1532 2593 1597 XlX.

417 1653 560 1708 tom.
623 1645 698 1706 ll.
772 1662 908 1725 pag.
977 1642 1154 1704 1456.
1224 1643 1409 1704 Bekk.
1485 1643 1580 1705 his
1653 1645 1855 1706 verbis
1925 1645 2244 1724 exprimit:
2324 1646 2405 1705 Τι’
2468 1639 2590 1722 γὰρ

409 1745 499 1813 ἄν
565 1774 659 1822 τις
712 1748 1023 1830 ὑπολάβοι
1068 1750 1478 1832 ἡμαρτῆσθαι
1544 1747 1588 1813 ἃ
1642 1751 2082 1831 Πρωταγόρας
2140 1752 2434 1835 ἐπιτιμᾷ,
2488 1744 2590 1813 ὅτι

419 1853 727 1939 εὔχεσθαι
774 1857 1054 1934 οἰόμενος
1117 1858 1425 1923 ἐπιτάττει
1481 1858 1675 1922 εἰπών
1723 1862 1933 1940 ΛἩῆν
1964 1883 1988 1921 ι
2019 1883 2054 1924 ν
2119 1851 2347 1921 ἄειδε
2405 1856 2590 1934 θεάς

417 1964 489 2029 τὸ
532 1964 652 2048 γὰρ
700 1967 1013 2058 κελεῦσαί,
1059 1990 1239 2050 φησι,
1287 1973 1488 2029 ποιεῖν
1533 1990 1595 2030 τι
1645 1962 1685 2048 ἢ
1723 1964 1811 2048 μή
1857 1963 2129 2044 ἐπίταξίς
2178 1969 2369 2030 ἐστιν.
2455 1966 2597 2028 Mihi

419 2076 656 2157 quidem
717 2075 950 2164 videtur
996 2077 1362 2161 Protagorae
1420 2076 1501 2138 ad
1541 2077 1699 2140 hunc
1741 2076 1938 2138 locum
1983 2075 2426 2138 animadversio
2469 2093 2594 2137 non

418 2185 534 2246 alia
576 2184 760 2247 fuisse
805 2192 981 2264 atque
1023 2185 1213 2247 haec:
1271 2184 1497 2249 Eadem
1558 2186 1729 2248 verbi
1774 2185 2001 2264 forma,
2071 2166 2185 2264 qua
2226 2186 2465 2265 proprie
2508 2186 2588 2247 ad

419 2292 738 2370 iubendum
784 2295 1043 2370 utimur,
1103 2294 1293 2355 minus
1337 2300 1619 2355 accurate
1662 2294 1840 2355 etiam
1884 2293 1961 2354 ad
2006 2292 2367 2373 precandum
2413 2311 2594 2356 usur-

420 2382 612 2481 patur.
699 2401 870 2463 Conf.
921 2399 1180 2462 Eustath.
1228 2400 1303 2462 ad
1353 2401 1524 2463 Hom.
1560 2401 1623 2462 ll.
1668 2401 1767 2464 lib.
1812 2402 1856 2463 1.
1900 2420 1958 2463 v.
1999 2402 2059 2463 ¹1.
2102 2397 2204 2463 fin.
2254 2419 2388 2482 pag.
2430 2403 2489 2463 8.

543 2509 653 2570 Hic
695 2508 864 2570 locus
890 2515 983 2570 est
1017 2508 1440 2570 memorandae
1470 2510 1872 2590 Protagoreae
1906 2508 2324 2590 ὀρθοεπειά
2342 2532 2388 2587 ς,
2442 2526 2596 2588 quae

420 2618 481 2680 iu
544 2616 800 2679 diversis
847 2617 1150 2678 rhetorum
1220 2616 1443 2679 artibus
1507 2618 1579 2680 ac
1635 2618 1964 2698 disciplinis
2025 2613 2131 2700 (τά
2189 2614 2337 2696 περὶ
2398 2612 2596 2697 λόγων

416 2727 669 2807 τέχνης)
726 2733 1080 2788 recensetur
1136 2725 1277 2788 Plat.
1312 2720 1756 2807 ‘Phaedre-pag.
1804 2725 1944 2788 267.
1988 2726 2066 2788 C:
2139 2727 2333 2798 ΦΑΙ.
2391 2728 2593 2802 Πρω-

415 2830 712 2915 ταγόρεια
761 2836 872 2913 δέ,
913 2825 965 2895 αἶ
1009 2830 1356 2915 Σώκρατες,
1404 2834 1519 2897 οὐκ
1564 2823 1639 2915 ἦν
1678 2837 1888 2914 μέντοι
1926 2816 2161 2896 τοιάῦτ’
2203 2825 2399 2911 ἅπας
2460 2831 2592 2895 ΣΩ.

409 2932 779 3021 ’OQ-‘hebraei
824 2943 896 3020 γέ
941 2963 1065 3019 τις,
1111 2934 1164 3003 αἶ
1207 2949 1364 3021 παῖ’,
1411 2945 1520 3005 καί
1561 2934 1717 3005 ἄλλα
1761 2938 1962 3004 πολλοὶ
2003 2942 2113 3004 καί
2154 2937 2336 3006 καλά.
2423 2941 2593 3014 Quae

418 3047 611 3130 qualis
651 3048 981 3130 sueritcum
1021 3067 1100 3110 ex
1128 3050 1409 3112 hocloco
1437 3051 1698 3131 perspici
1737 3057 2016 3132 nequeat,
2038 3050 2314 3113 diversae
2336 3051 2596 3112 virorum

417 3155 729 3218 doctorum
760 3156 836 3217 de
860 3155 958 3218 illa
986 3156 1226 3218 fuerunt
1247 3158 1602 3219 sententiae.
1653 3157 1746 3219 Ex
1773 3158 2025 3220 aliorum
2057 3157 2293 3239 quidem
2327 3159 2428 3237 qui
2449 3159 2598 3239 περὶ

416 3260 794 3344 ὀρθοεπείας
828 3265 1210 3345 scripserunt
1241 3266 1688 3345 comparatione
1719 3284 1820 3329 res
1862 3284 1982 3328 non
2015 3267 2237 3348 liquet:
2283 3284 2419 3329 nam
2463 3284 2596 3335 cum

414 3376 531 3434 tam
574 3365 692 3434 late
745 3379 944 3454 pateat
991 3373 1164 3436 huius
1213 3375 1473 3436 nominis
1529 3374 1924 3465 significatio,
1979 3374 2198 3437 factum
2257 3381 2350 3437 est
2393 3380 2456 3436 ut
2496 3372 2596 3434 alii

417 3480 588 3542 aliam
621 3480 986 3561 disciplinam
1031 3478 1407 3562 ὄρθοέπειαν
1449 3489 1759 3545 vocarent.
1819 3482 1939 3547 Sed
1982 3500 2017 3543 a
2066 3483 2427 3556 Quintiliano
2477 3479 2598 3541 duo

413 3597 819 3666 memorantur
862 3592 1235 3669 ὀρθοεπείας
1294 3608 1544 3671 genera.
1628 3590 1756 3652 Lib.
1802 3591 1845 3653 1.
1893 3609 2023 3673 cap.
2068 3591 2136 3654 V.
2186 3599 2245 3666 §-
2288 3590 2387 3652 33.
2434 3591 2593 3651 enim

413 3694 793 3774 ὄρθοὲπειαν
856 3699 1001 3761 dicit
1057 3698 1430 3761 emendatam
1485 3718 1620 3761 cum
1685 3701 1980 3762 suavitate
2037 3717 2253 3763 vocum
2299 3699 2593 3779 explana-

412 3804 660 3883 tionem,
702 3823 818 3885 qua
859 3822 1012 3886 quae
1055 3808 1176 3868 sint
1201 3805 1466 3886 syllabae
1493 3807 1737 3889 longae,
1788 3807 2029 3887 breves,
2068 3790 2304 3885 acutae,
2343 3821 2588 3888 graves,

410 3910 605 3973 flexae
648 3911 939 3976 doceatur
980 3921 1155 3994 atque
1196 3915 1256 3976 in
1303 3915 1444 3977 vitia
1491 3917 1616 3977 oris
1665 3922 1725 3977 et
1766 3915 2009 3999 linguae
2058 3915 2586 3991 animadvertatur,

409 4019 603 4099 qualia
628 4020 748 4082 sint
773 4022 1164 4101 ἶωτακισμοί,
1194 4023 1696 4103 ’λαμβδακισμοιζ
1726 4025 2103 4107 ἶσχνότητες,
2147 4023 2585 4100 πλατειασμοί,

408 4127 837 4207 κοιλοστομία,
904 4135 1009 4209 et,
1070 4137 1133 4192 ut
1178 4131 1360 4217 ipsius
1407 4133 1610 4194 verbis
1664 4140 1840 4210 utar,
1890 4132 2148 4214 „proprii
2193 4131 2276 4203 illi
2337 4137 2398 4192 et
2441 4130 2582 4189 ine-

410 4235 742 4303 narrabiles
813 4237 996 4316 soni,
1073 4223 1285 4318 quibus
1333 4253 1774 4321 ‘nonnunquam
1842 4241 2117 4303 nationes
2176 4235 2584 4320 deprehendi-

413 4354 563 4409 mus.
648 4344 915 4410 Remotis
971 4345 1150 4429 igitur
1195 4347 1505 4431 omnibus,
1568 4348 1645 4427 de
1706 4349 1920 4430 quibus
1964 4366 2145 4431 supra
2194 4349 2355 4428 dixi,
2416 4344 2579 4409 vitiis
