2975 4959
1294 250 1326 285 Ρ

1283 313 1376 329 ....
1484 274 1619 349 154
1685 302 1817 326 ο...

455 467 682 546 them,
697 466 871 541 loces
888 484 1238 531 communes
1263 469 1324 531 in
1345 486 1524 531 unum
1549 466 1928 530 confundens
1946 466 2144 529 omnia
2159 482 2298 548 pag.
2327 463 2462 528 134.
2480 464 2641 528 hanc

456 592 667 639 eorum
709 575 974 639 confecit
1021 576 1517 657 explicationem:
1562 576 1709 656 „Die
1755 574 2293 658 Hannigfaltigkeit
2337 572 2448 637 der
2492 574 2645 637 Pro-

454 701 634 749 cesse
675 683 915 748 machte
979 686 1119 748 eine
1173 686 1531 767 allgemeine
1576 674 2187 767 Beliandlungsweise
2242 681 2640 746 viius-chens-

451 793 641 855 werth
667 836 688 870 ,
742 790 930 855 durch
986 793 1217 857 welche
1263 793 1503 857 sowohl
1549 792 1709 856 Fiille
1750 794 1861 856 der
1902 793 2069 856 Rede
2097 838 2118 869 ‚
2164 791 2254 854 als
2298 790 2640 854 besonders

451 903 552 964 ein
603 900 793 982 jeden
852 902 1233 984 Augenblick
1295 902 1404 964 auf
1463 901 1771 984 Jegliches
1832 901 2345 963 Verbereitetsein
2402 899 2641 979 erlangt

452 1012 681 1075 wurde.
764 1012 847 1077 So
908 1012 1123 1075 erfand
1164 1013 1525 1095 Protagoras
1573 1013 1672 1075 dle
1723 1029 1846 1074 von
1890 1012 2107 1075 Cicero
2152 1010 2276 1073 und
2320 1009 2642 1084 Quintilian

454 1119 656 1202 lifiufig
697 1120 1049 1183 erwihnteu
1091 1119 1211 1183 loci
1254 1138 1627 1198 communes,
1673 1120 1771 1183 bei
1813 1118 2107 1184 welchem
2155 1118 2445 1181 letzteren
2488 1115 2636 1180 lust.

453 1228 558 1296 Or.
604 1227 699 1306 lll,
740 1229 800 1291 5.
856 1247 914 1309 p.
961 1229 1119 1306 2953
1183 1228 1258 1308 X,
1303 1232 1362 1291 5.
1412 1247 1468 1310 p.
1516 1227 1659 1306 943,
1701 1227 1800 1289 ed.
1839 1227 2034 1301 Butm.
2076 1227 2176 1290 die
2224 1228 2474 1289 weitere
2511 1225 2635 1288 Er-

454 1335 710 1418 klarung
748 1335 951 1400 dieser
992 1336 1350 1399 Ausdrucke
1392 1336 1816 1403 nachzusehen
1858 1336 1955 1399 ist.
2039 1334 2122 1400 Er
2162 1334 2417 1398 richtete
2461 1337 2637 1396 nam.

450 1443 571 1509 lieh
618 1443 718 1507 die
769 1444 930 1508 noch
974 1462 1095 1508 von
1149 1463 1280 1508 uns.
1314 1461 1395 1508 so
1450 1445 1794 1506 benannteu
1841 1447 2055 1517 θέσεις
2109 1444 2252 1523 ein,
2314 1437 2513 1505 iridem
2566 1458 2639 1505 er

398 1614 403 1619 .
448 1552 581 1615 sich
632 1552 782 1633 jede
840 1554 1286 1617 Processsache
1333 1552 1490 1614 nach
1550 1552 1667 1614 den
1710 1552 2053 1633 Perseum,
2111 1553 2222 1615 der
2262 1551 2430 1626 Zeit‚
2494 1548 2636 1612 dem

447 1659 597 1739 Ort,
646 1660 782 1723 dem
826 1660 1129 1742 Gesagten
1174 1660 1329 1722 oder
1372 1662 1686 1724 Gethanen
1732 1660 2180 1765 zurechtlegte3
2243 1659 2435 1722 daher
2469 1657 2634 1721 denn

447 1755 605 1830 auc'h
652 1768 751 1829 die
773 1768 986 1830 Worte
1013 1769 1108 1830 bei
1132 1769 1651 1850 DiogLaert.1X.
1677 1770 1777 1833 53.
1827 1767 1969 1832 Και
2011 1770 2250 1851 πρῶτος
2268 1774 2405 1850 etq.
2424 1772 2634 1848 seqq.“

563 1874 708 1938 Tota
730 1870 1097 1957 Protagorae
1122 1876 1465 1956 disputandi
1489 1880 1644 1941 ratio
1675 1896 1810 1940 cum
1855 1877 2129 1940 doctrina
2173 1876 2251 1939 de
2292 1894 2489 1939 rerum
2519 1893 2638 1937 na-

452 1988 609 2063 tura,
639 2002 816 2065 quam
843 1988 1250 2065 exposuimuS,
1281 1989 1581 2050 artissime
1605 1989 1923 2050 coniuncta
1947 1993 2042 2049 est
2062 2004 2170 2067 per
2190 1985 2470 2067 placitum
2491 1982 2636 2047 illud

447 2111 567 2173 quo
592 2093 707 2156 δύο
729 2091 900 2174 λόγοι
923 2094 1051 2157 εἰσί
1068 2098 1217 2175 περί
1240 2092 1472 2169 παντὸς
1495 2092 1863 2179 πράγματος
1884 2095 2295 2175 ‹incussu-avoc
2316 2093 2631 2175 α’λλήλοις.

452 2204 601 2267 Nam
650 2219 784 2264 curn
824 2202 901 2264 de
943 2220 1177 2284 quaque
1220 2222 1288 2265 re
1332 2204 1451 2266 dici
1495 2205 1729 2285 possint
1763 2207 2105 2283 contraria,
2167 2210 2234 2266 ut
2276 2202 2436 2284 quod
2479 2202 2651 2264 alter·

445 2311 739 2388 affirmet,
798 2310 950 2373 alter
1007 2307 1166 2397 λόγῳ
1227 2311 1627 2397 ἀντικειμένῳ
1672 2330 1901 2395 negare
1965 2318 2188 2393 queat,
2244 2312 2425 2391 idque
2487 2326 2635 2372 vere
2685 2336 2688 2343 ·

447 2426 699 2500 uterque
746 2418 927 2481 modo
972 2413 1119 2499 ipsls
1161 2421 1242 2481 ita
1287 2419 1601 2482 videatur:
1649 2439 1749 2482 res
1790 2427 1914 2483 tota
1956 2437 2033 2483 eo
2075 2420 2537 2497 continebatur,
2569 2424 2636 2480 ut

451 2528 507 2590 is
540 2573 559 2605 ‚
619 2528 788 2590 cuius
830 2545 1014 2590 causa
1062 2528 1195 2590 sive
1234 2531 1293 2590 in
1340 2529 1565 2590 iudicio
1606 2528 1702 2590 vel
1744 2546 1958 2590 coram·
1996 2531 2297 2591 concione
2337 2529 2467 2590 sive
2509 2525 2642 2589 col-

450 2636 657 2717 loquio
702 2636 975 2716 privatim
1023 2637 1289 2699 instituto
1334 2636 1563 2699 infirma
1609 2641 1793 2711 esset,
1834 2632 1989 2724 λόγῳ
2031 2635 2429 2722 ἀντικειμένῳ
2490 2653 2637 2698 usus

445 2744 766 2813 firmiorem
819 2745 973 2806 illam
1016 2744 1610 2808 dicendo-efficeret.
1695 2747 1871 2827 Diog.
1914 2745 2111 2807 Laert.
2158 2744 2255 2807 lib.
2279 2745 2381 2807 lX.
2425 2751 2485 2820 §-
2515 2745 2631 2806 51:

445 2834 714 2933 Πρῶτος
755 2849 881 2935 ἔφη
926 2852 1043 2915 δύο
1079 2850 1314 2935 ,λόγους
1358 2847 1523 2916 εἶναι
1562 2857 1709 2936 περὶ
1749 2851 1983 2927 παντὸς
2038 2852 2405 2936 πράγματος
2460 2853 2633 2915 α’ντι-

448 2962 769 3038 κειμένους
809 2960 1133 3041 ἀλλήλοις,
1191 2953 1281 3032 οἷς
1327 2964 1437 3023 καί
1472 2959 1812 3043 συνηρώτα
1841 2962 1907 3045 *)
1950 2963 2190 3042 πρῶτος
2231 2963 2425 3023 τοῦτο
2470 2957 2635 3041 πρά-
2713 3028 2738 3035 ⁹

450 3070 581 3144 ξας.
667 3069 901 3131 Seneca
946 3068 1052 3148 Ep.
1096 3068 1462 3131 LXXXVIII.
1506 3070 1664 3142 (vid.
1717 3087 1853 3151 pag.
1899 3068 2034 3145 96.)

611 3176 821 3238 Artem
860 3175 1235 3238 dialecticam
1274 3194 1442 3238 suam
1487 3183 1672 3239 totam
1705 3179 1982 3257 exposuit
2021 3176 2173 3239 libro
2218 3176 2317 3255 qui
2358 3182 2490 3236 erat
2534 3177 2635 3236 in·-

434 3285 705 3373 -Scriplus
759 3260 1024 3367 Ts'szq
1071 3285 1518 3364 ἐριστικῶν
1566 3287 1716 3362 (vid.
1757 3286 1858 3349 lib.
1885 3286 1978 3348 lV.
2022 3304 2150 3365 cap.
2177 3284 2321 3359 lli).
2379 3284 2469 3345 Eo
2515 3284 2637 3364 igi-

444 3399 537 3454 tur
564 3391 897 3456 docebatur
917 3395 1092 3459 etiam
1141 3392 1171 3454 ὁ
1219 3390 1412 3471 ὀρθὸς
1450 3392 1650 3474 λόγος,
1691 3374 1858 3457 recta
1887 3395 2107 3472 orati0‚
2151 3412 2305 3474 quae
2331 3392 2634 3472 quidem-e

444 3507 612 3563 recta
655 3502 1026 3583 cogitatione
1065 3502 1305 3583 pendet.
1393 3501 1574 3564 Cuius
1609 3503 1940 3583 exemplum
1983 3508 2076 3564 ost
2115 3502 2268 3582 apud
2293 3500 2452 3563 ‚l'lnt.
2500 3499 2631 3561 Per.

443 3628 572 3691 cap.
591 3610 858 3674 xxxvl.
878 3610 1034 3687 (vid.
1055 3628 1192 3692 pag.
1212 3609 1347 3687 66.)
1375 3610 1547 3672 Conf.
1569 3610 1926 3687 Welckerus
1946 3628 2082 3692 pag.
2103 3611 2243 3672 559.
2264 3615 2467 3671 annot.
2492 3607 2629 3671 163.

612 3719 819 3798 Neque
862 3736 1011 3782 vero
1056 3719 1185 3787 fieri
1226 3721 1453 3798 potuit,
1517 3721 1672 3805 quin,
1702 3722 1801 3805 qui
1865 3737 1998 3782 eam
2058 3727 2245 3781 artem
2290 3723 2635 3794 exerceret,

444 3845 561 3908 qua
600 3826 1030 3908 qualiscunque
1080 3845 1262 3889 causa
1304 3830 1583 3908 superior
1621 3828 1823 3906 fieret,
1877 3830 2244 3909 argumentis
2288 3846 2473 3907 saepe
2515 3827 2634 3888 mi-

1793 3986 1810 4016 μ
2029 3999 2037 4006 .

576 4027 627 4095 ⁴)
663 4025 928 4077 Herbstius
962 4042 1078 4093 pag
1112 4027 1242 4079 135·
1283 4026 1411 4092 „Die
1450 4026 1768 4094 eigentliche
1788 4025 2197 4093 Vertheidigung
2230 4025 2320 4076 der
2351 4023 2628 4075 einzelnen

438 4098 593 4150 δᾶῑιε
645 4097 769 4146 aber
808 4104 1109 4147 unternalim
1172 4113 1229 4147 er
1286 4097 1447 4147 durch
1507 4097 1618 4150 sich
1674 4106 1795 4148 ento
1764 4112 2030 4163 „eegeugs
2008 4106 2171 4147 setzte
2222 4095 2470 4162 Fragen‚
2525 4096 2632 4144 wie

437 4167 549 4218 dies
585 4167 740 4234 Diog.
781 4168 944 4218 lmacrt
984 4169 1070 4220 lx.
1113 4170 1197 4220 52.
1249 4171 1426 4237 (immo
1465 4171 1579 4236 51.)
1637 4185 1699 4219 zu
1750 4184 1910 4233 sagen
1950 4169 2186 4218 seheint.
2238 4170 2383 4237 Πριιῖ
2387 4185 2477 4225 τος
2514 4169 2624 4235 ἔᾳη

439 4247 492 4289 et
524 4255 554 4304 q
618 4247 796 4306 sf‘eqq
871 4238 971 4290 Sed
1015 4260 1069 4294 οι
1073 4259 1096 4294 ς
1139 4259 1232 4292 και
1270 4240 1556 4309 συνηρώτα
1596 4249 1675 4290 est
1708 4241 1929 4307 „quibus
1966 4242 2019 4289 in
2064 4242 2216 4290 rebus
2254 4238 2539 4296 dialecticis
2566 4235 2632 4285 ad

435 4309 891 4375 argumentandum
938 4317 991 4359 et
1031 4309 1438 4361 concludendum
1475 4310 1761 4361 utebatur-5⁶
1804 4309 2313 4363 Couf.l1ermannus
2354 4307 2631 4375 Ephemer.

443 4396 565 4449 pag.
611 4381 726 4433 133.
768 4395 1036 4438 commem.
1076 4395 1194 4448 pag.
1230 4381 1353 4433 372.
2603 4396 2612 4407 ι
