2975 4959
1233 228 1339 292 .....'
1431 237 1719 307 46...-

396 459 519 502 rat.
556 471 561 480 ·
604 433 966 514 Protagoras
1008 422 1433 498 Danae-*tum*
1469 425 1782 490 audivisse
1840 404 2092 490 traditur
2135 441 2171 487 a
2213 418 2410 486 Laert.
2457 420 2568 486 IX.

390 545 505 608 50:
546 540 875 624 Διὴωυᾳε-
902 540 1080 602 ‹ts-
1122 536 1542 618 Δημοκρίτου.
1627 534 1895 600 philostr.
1928 534 2032 596 vit.
2077 531 2323 614 Sophist.
2368 532 2412 594 1.
2457 531 2564 596 10³:

391 653 790 733 quffipdtov
834 644 1147 728 ἐκροαηῒς
1184 643 1337 708 οἴκοι
1382 644 1641 725 ἐγένετο.
1725 645 1816 706 De
1856 658 1972 724 qua
2016 641 2086 705 ie
2130 659 2283 722 quae
2310 657 2569 706 accura-

392 763 507 823 tius
556 747 831 838 exposuit
861 756 1172 835 Epicurus
1219 754 1291 815 iis
1335 770 1458 816 non
1504 739 1839 834 repugnant
1882 768 2036 833 quae
2083 752 2160 813 de
2199 753 2327 814 eius
2368 756 2568 816 aetate

393 865 608 931 tradita
656 871 810 928 sunt.
895 864 1113 926 Athen.
1160 861 1305 924 vm.
1349 881 1409 942 p.
1453 861 1600 923 354.
1647 863 1720 923 C:
1761 896 1864 923 -.
1910 861 2108 923 Laert.
2160 859 2260 922 IX.
2307 860 2415 922 53:
2462 896 2568 920 -.

394 979 768 1061 Suidasz--.
796 973 1044 1042 Videtur
1062 973 1442 1036 Democritus
1493 988 1721 1033 summo
1765 969 1902 1032 loco
1921 969 2178 1032 Abderis
2224 976 2399 1030 natus
2417 963 2572 1030 Pro-

389 1092 645 1167 tagorae
672 1127 691 1158 ,
732 1082 845 1162 qui=
871 1080 1175 1143 inferioris
1219 1067 1586 1142 conditionis
1626 1085 1798 1157 erat,
1837 1075 2145 1159 ‘ingenium
2186 1078 2567 1157 perspexisse

296 1269 317 1288 ·
389 1187 886 1276 perspectumque
911 1190 1133 1254 aluisse
1174 1196 1235 1251 et
1257 1189 1503 1265 fovisse,
1545 1188 1685 1250 lieet
1725 1190 1853 1268 ipse
1897 1187 2069 1248 annis
2107 1187 2306 1249 minor
2351 1191 2572 1247 esset.a

546 1300 752 1362 ›Ciinto
792 1299 974 1379 igitur
1021 1298 1406 1378 Protagoram
1451 1311 1609 1359 anno
1658 1295 1802 1358 470.
1846 1301 2047 1357 natum
2089 1297 2309 1371 statuit,
2355 1294 2596 1357 decem-

393 1409 571 1470 annis
612 1388 956 1470 Democrito
1001 1413 1326 1466 maiorem:
1372 1403 1575 1484 idque,
1617 1404 1755 1484 quia
1798 1403 2173 1465 Democritus
2201 1403 2568 1483 Protagorae

389 1518 449 1579 in
496 1517 662 1578 libris
701 1516 823 1577 suis
869 1514 1232 1578 mentionem
1278 1512 1499 1588 faciat,
1540 1511 1637 1572 hio
1679 1517 1872 1573 autem
1922 1510 2076 1573 illius
2119 1511 2352 1572 feratur
2392 1511 2567 1571 audi..

389 1631 504 1689 tor.
593 1623 820 1697 Quibus
878 1640 957 1682 ex
995 1619 1233 1681 indiciis
1280 1637 1395 1699 qua
1436 1619 1802 1681 necessitate
1844 1616 2090 1693 alterum
2138 1618 2325 1680 altero
2367 1599 2568 1680 maioss

390 1751 518 1797 rem
564 1732 750 1793 fuisse
795 1730 1120 1804 efficiatur,
1174 1727 1452 1810 equidem
1499 1743 1617 1807 ego
1664 1744 1785 1789 non
1831 1729 2147 1809 perspicio.
2233 1728 2311 1791 Ut
2353 1727 2431 1790 de
2468 1729 2609 1789 fun·v

393 1842 568 1905 bellis
613 1838 855 1916 tandem
896 1837 1164 1899 desinam
1208 1853 1458 1897 monere
1498 1836 1784 1898 lectorem
1827 1838 1942 1897 iam
1987 1837 2225 1917 saepius
2251 1842 2572 1917 monitum5

320 2031 324 2036 ,
396 1949 602 2032 quidni
648 1947 985 2024 hominum,
1046 1947 1144 2026 qui
1191 1945 1407 2007 eodem
1461 1961 1621 2007 anno
1685 1946 1808 2007 nati
1868 1952 2047 2022 sunt,
2112 1947 2262 2009 alter
2318 1940 2567 2009 alterum

396 2060 637 2138 seriptis
676 2072 1012 2118 memorare
1075 2055 1523 2138 sententiasque
1581 2069 1724 2132 suas
1769 2071 1899 2116 cum
1962 2054 2063 2116 illo
2124 2058 2571 2118 communicare
2646 2139 2651 2143 ι

397 2167 716 2252 ψοωθτίιῖ
809 2165 922 2242 Et,
980 2166 1032 2227 si
1086 2164 1322 2244 quidem
1383 2155 1533 2226 alter
1589 2164 1781 2226 attero
1841 2165 2034 2228 maior
2088 2171 2182 2226 est
2238 2163 2573 2241 facienduS‚

404 2295 513 2339 our
558 2277 704 2356 ipsis
744 2275 954 2336 decem
1000 2275 1213 2351 annis,
1276 2273 1479 2353 quidni
1522 2274 1819 2353 quinque,
1873 2273 2247 2353 quindecim,
2312 2272 2581 2354 viginti?

397 2384 546 2449 Nam
613 2382 829 2463 quodsi
888 2383 1044 2443 forte
1109 2398 1261 2461 quae
1309 2382 1371 2442 in
1403 2381 1651 2443 tabulis
1712 2380 1788 2443 ad
1843 2398 2060 2446 annum
2098 2378 2242 2443 444.
2309 2380 2582 2471 exhibuit

391 2495 606 2555 taeitos
655 2491 771 2552 troo
815 2488 953 2551 loco
993 2489 1314 2568 respiciatq
1369 2481 1536 2550 nihili
1583 2506 1720 2550 esse
1764 2488 1907 2552 illud
1978 2489 2103 2570 „Ex
2160 2492 2277 2553 hac
2336 2491 2574 2552 ratione

394 2603 647 2666 circiter·
676 2599 817 2684 404.
864 2599 1113 2660 obierit“
1156 2608 1212 2674 §.
1248 2600 1306 2660 5.
1348 2598 1878 2661 demonstrabitur.
2558 2607 2562 2612 ’

570 2710 637 2771 In
683 2709 905 2795 mortis
933 2714 1201 2787 tempore
1243 2704 1586 2770 definiendo
1635 2707 2099 2771 dubitationibus
2142 2707 2415 2783 fluctuat,
2456 2724 2575 2768 ne·-

405 2834 521 2898 que
566 2833 684 2897 quo
729 2834 797 2879 se
832 2816 1087 2878 ‘inclinet
1125 2815 1413 2877 Clintonis
1457 2816 1571 2876 seit
1631 2818 1880 2878 animus.
1963 2818 2089 2879 Nee
2130 2817 2421 2897 Diogenis
2462 2833 2579 2877 neo

407 2925 670 2988 Platonis
729 2925 914 2987 verba
972 2939 1169 3005 neque
1209 2925 1471 2987 Timonis
1528 2924 1690 2987 silius
1723 2923 1890 3005 sspud
1934 2926 2174 2988 Sextum
2216 2926 2577 3005 Empiricum

403 3035 541 3095 adv.
585 3033 763 3096 Math.
804 3035 905 3099 lib.
951 3032 1051 3094 IX.
1096 3045 1151 3111 ς.
1196 3032 1295 3094 57.
1341 3040 1702 3120 memoratus
1767 3034 2080 3114 quicquam
2139 3035 2214 3095 ei‘
2261 3035 2580 3096 conferunt

403 3141 483 3204 ad
555 3148 751 3205 tantas
820 3139 1229 3220 expediendas
1299 3140 1706 3203 difficultates.-
1777 3142 1983 3221 -Apud
2052 3143 2349 3204 Laertium
2419 3144 2575 3203 enim

402 3248 509 3312 lib.
550 3248 653 3313 ῙΧ.
713 3256 773 3324 §-
814 3247 919 3338 54.
986 3254 1327 3310 accusatum
1391 3249 1510 3312 diei
1567 3249 1890 3331 sophistam
1939 3268 2064 3312 non
2128 3251 2577 3332 quadringentis

401 3359 550 3421 viris
613 3376 738 3421 rem
777 3358 1071 3439 publicam
1116 3357 1704 3437 administrantibuS‚
1768 3359 1877 3420 sed
1926 3361 2330 3421 tantummodo
2388 3361 2576 3421 fuisse

404 3473 943 3530 accusatoremex
984 3465 1216 3528 illorum
1258 3484 1528 3530 numero.
1586 3467 1761 3541 Quod
1802 3475 1965 3530 recte
2009 3469 2387 3530 observatum
2437 3485 2574 3529 esso

403 3582 458 3650 §.
506 3578 566 3638 1.
627 3577 869 3638 monui„
949 3574 1177 3637 Platoni
1237 3592 1433 3653 vero,
1479 3576 1577 3655 qui
1631 3575 1786 3638 Men.
1832 3585 1983 3657 pag:
2014 3575 2115 3638 91.
2161 3576 2212 3637 E
2269 3578 2577 3638 Socratem

409 3684 777 3764 Protagorae
837 3685 1210 3765 superstitem
1270 3685 1536 3759 indicet,
1600 3684 1678 3744 ob
1719 3686 1903 3764 ipsius
1952 3686 2013 3746 in
2060 3685 2353 3747 eiusmodi
2397 3686 2582 3748 rebus

407 3787 829 3872 negligentiam
873 3792 1088 3855 nuliam
1134 3808 1272 3854 esse
1315 3791 1511 3856 fidem.
1566 3792 1812 3871 Insuper
1856 3791 2044 3855 refelli
2069 3794 2368 3855 Platonem
2410 3812 2445 3855 a
2476 3793 2577 3856 Ti-

410 3916 626 3960 mone:
675 3915 1006 3977 quanquam
1025 3899 1217 3961 Giinto
1239 3917 1316 3960 ne
1340 3899 1479 3961 huie
1522 3899 1756 3982 quidem
1791 3902 1998 3963 eredit.
2042 3902 2130 3963 De
2158 3907 2409 3982 utroque
2437 3890 2575 3965 loco

406 4024 525 4080 „nos
566 4007 930 4068 disseremus
970 4008 1348 4089 paragrapho
1392 4026 1545 4087 quae
1573 4008 1841 4089 proxime
1881 4011 2162 4090 sequitur.
2187 4030 2202 4036 “
2249 4011 2422 4085 Quod
2469 4010 2583 4072 de-

410 4115 590 4196 nique
625 4116 990 4195 Protagorae
1031 4133 1197 4187 mors
1236 4118 1297 4178 in
1342 4116 1550 4178 Ixione
1594 4116 1910 4196 Euripidea
1960 4125 2321 4182 memoretur
2370 4120 2577 4199 (Diog.

407 4224 603 4291 Laert.
647 4222 747 4285 lib.
791 4223 890 4285 lX.
934 4235 992 4302 §.
1034 4224 1208 4302 550,
1251 4226 1642 4291 testimonium
1686 4227 1877 4288 videri
1920 4227 2092 4289 nimis
2132 4228 2312 4306 leve‚·
2346 4229 2399 4290 si
2442 4228 2576 4306 qui-

410 4331 549 4394 dem
579 4332 760 4402 etiam
787 4331 1346 4394 Socratis-mortem
1394 4333 1455 4395 in
1496 4332 1828 4396 Palamede·
1852 4334 2191 4416 Euripidem
2238 4333 2578 4415 respexisse
