2975 4959
1311 249 1802 364 ...sg-

472 486 831 565 Βαβυλῶνα
891 508 956 547 τε
1004 486 1113 546 καί
1150 482 1260 564 τὴν
1304 481 1601 565 Περσίδα
1645 481 1754 546 καί
1790 477 2120 564 Αἴγυπτον
2160 486 2291 554 τοῖς
2330 503 2400 543 τε
2448 481 2654 561 Αἷγυ-

471 595 668 666 πτίοις
690 595 797 655 καί
817 598 945 667 τοῖς
970 588 1204 673 ἱερεῦσι
1229 586 1627 672 μαθητείων.
1654 628 1735 640 -
1759 590 1934 664 Quod
1951 590 2327 652 Democritus
2348 606 2458 670 per
2473 596 2652 652 octo-

470 702 638 781 ginta
687 717 879 762 annos
924 698 1304 762 sacerdotum
1332 699 1761 779 Aegyptiorum
1807 698 2245 762 consuetudine
2288 714 2435 762 usus
2477 697 2651 759 dica-

472 813 594 884 tur,
638 807 811 869 nullis
855 806 1165 869 conciliari
1206 823 1389 887 posse
1434 813 1765 886 temporum
1805 804 2163 884 rationibu8‚
2210 824 2344 868 cum
2385 807 2446 868 in
2499 805 2651 868 Per-

473 916 559 978 sis
607 933 845 996 quoque
888 921 949 977 et
990 914 1338 995 Babyloniis
1379 921 1653 976 versatus
1698 919 1898 993 esset,
1965 915 2185 993 optime
2223 913 2504 976 Freretus
2546 913 2650 975 in-

463 1023 709 1087 tellexit.
751 1023 826 1086 Ut
851 1023 1009 1086 bona
1036 1023 1213 1085 etiam
1256 1029 1318 1085 et
1363 1028 1528 1086 recta
1572 1023 1649 1085 sit
1683 1040 1857 1102 quam
1904 1023 2215 1103 proposuit
2261 1020 2600 1084 emendatio
2623 1047 2642 1084 a

464 1132 705 1193 minime
752 1131 909 1193 bene
966 1147 1100 1192 eam
1146 1129 1413 1193 adhibuit
1469 1131 1563 1191 vir
1623 1129 1837 1192 doctus
1900 1129 1980 1192 ad
2039 1130 2405 1213 Protagorae
2463 1135 2639 1196 aeta-

462 1245 581 1302 tem
627 1238 1043 1301 deliniendam.
1131 1238 1498 1319 Opponimus
1545 1240 1704 1302 enirn
1746 1240 1993 1302 Frereto
2039 1238 2384 1317 Freretum,
2432 1240 2531 1318 qui
2570 1239 2632 1301 in

462 1348 849 1411 annotatione
890 1346 1371 1409 emendationem
1417 1346 1576 1409 illam
1620 1363 1961 1428 proponens
2004 1352 2145 1410 octo
2192 1363 2384 1410 annos
2425 1348 2486 1409 in
2505 1346 2639 1409 Ae-

458 1465 644 1539 gypto
693 1476 825 1520 cum
866 1454 1329 1536 ArpedonaptiS,
1373 1453 1536 1517 aliud
1576 1456 1862 1535 temporis
1910 1455 2161 1535 spatium
2204 1455 2265 1517 in
2302 1451 2636 1535 Babylonia

461 1573 523 1628 et
564 1566 808 1628 Perside
851 1565 1190 1643 ceterisque
1249 1564 1560 1625 itineribus
1604 1563 2012 1625 consumsisse
2060 1563 2464 1645 Democritum
2505 1568 2638 1625 sta-

459 1674 604 1736 tuit:
646 1675 705 1734 in
752 1673 898 1753 ipsis
948 1688 1096 1732 vero
1139 1670 1551 1752 disputationis
1583 1671 1787 1732 verbis
1830 1677 1970 1732 octo
2011 1675 2238 1733 tantum
2281 1688 2390 1752 per
2438 1687 2634 1733 annos

458 1783 701 1844 omnino
743 1798 999 1864 peregre
1045 1797 1179 1841 eum
1219 1778 1487 1841 abfuisse
1516 1778 1770 1841 credere
1796 1776 2033 1840 videtur
2056 1778 2132 1840 de
2158 1778 2489 1856 anno-480,
2510 1795 2631 1859 quo

453 1889 831 1951 Democritus
860 1888 1121 1951 Abderis
1142 1884 1449 1967 profectus
1469 1887 1566 1963 sit,
1615 1892 1754 1948 octo
1779 1867 2068 1947 annorum
2089 1903 2399 1947 numerum
2429 1886 2643 1977 dedu--

461 2015 628 2075 cenS,
653 2005 716 2059 ut
743 1996 884 2058 472.
918 1994 1233 2072 efficiatur,
1270 2011 1389 2074 quo
1421 1994 1707 2074 perfectis
1730 1995 2042 2056 itineribus
2069 1993 2342 2057 omnibus
2388 1994 2626 2057 domum

459 2106 729 2179 redierit,
775 2111 1050 2186 tanquam
1077 2104 1356 2166 Freretus
1388 2109 1489 2165 aut
1516 2102 1660 2164 nihil
1691 2104 1873 2166 sciret
1898 2104 1975 2165 de
2004 2103 2315 2165 itineribus
2337 2104 2399 2165 in
2418 2103 2631 2166 Persas

457 2209 939 2291 Babyloniosque
966 2210 1258 2289 susceptis
1289 2215 1389 2271 aut
1410 2207 1486 2270 ad
1515 2209 1801 2289 regiones
1821 2214 2021 2270 tantas
2049 2211 2461 2293 peragrandas
2483 2210 2631 2289 nihil

448 2320 736 2400 temporis
775 2317 1121 2386 Democrito
1183 2333 1332 2396 opus
1394 2316 1622 2378 fuisset.
1705 2316 1842 2397 Ipse
1889 2319 2069 2398 igitur
2129 2320 2242 2382 sibi
2302 2338 2424 2382 non
2470 2338 2629 2382 con-

449 2434 585 2492 stat.
670 2425 817 2487 Nam
863 2421 1024 2504 quod
1066 2422 1327 2485 fortasse
1367 2424 1468 2504 qui
1491 2423 1797 2485 Freretum
1850 2442 2143 2488 excusare
2182 2428 2326 2491 velit
2368 2431 2449 2491 ita
2493 2445 2629 2492 eum

450 2553 579 2599 rem
630 2533 746 2595 sibi
785 2531 1032 2593 linxisse
1077 2529 1259 2610 dicat,
1303 2536 1369 2593 ut
1410 2531 1789 2593 Democritus
1836 2540 1975 2595 octo
2023 2537 2196 2597 annis
2242 2537 2302 2598 in
2346 2538 2627 2617 Aegypto

449 2643 712 2726 peractis
769 2638 913 2702 472.
975 2638 1213 2701 domum
1274 2637 1555 2702 rediisset
1615 2639 1815 2719 ibique
1876 2642 2264 2724 Protagoram
2323 2644 2628 2724 discipulis

448 2753 574 2816 suis
621 2748 1044 2828 ascripsisset;
1106 2763 1261 2829 quae
1302 2765 1451 2809 vero
1504 2748 1566 2810 in
1605 2748 1821 2812 Persas
1863 2756 1924 2812 et
1969 2745 2336 2832 Babylonios
2381 2751 2629 2814 fecisset

447 2861 686 2937 itinera,
730 2856 1068 2938 posteriore
1114 2855 1274 2916 vitae
1315 2862 1486 2934 parte
1532 2863 1811 2937 suscepta
1852 2875 2034 2921 esse:
2077 2859 2138 2921 id
2169 2877 2364 2940 neque
2409 2878 2518 2940 per
2556 2876 2628 2924 se

446 2975 539 3030 est
582 2984 809 3042 verum,
847 2982 1045 3045 neque
1063 2963 1311 3025 Frereto
1353 2963 1412 3025 in
1456 2971 1715 3026 mentem
1755 2966 1983 3045 incidit,
2028 2969 2128 3047 qui
2170 2969 2367 3029 omnia
2408 2969 2630 3031 itinera

449 3091 483 3135 a
507 3074 847 3135 Democrito
872 3073 1076 3153 priore
1097 3073 1258 3133 vitae
1281 3079 1449 3152 parte
1476 3072 1748 3135 absoluta
1778 3092 1915 3136 esse
1945 3076 2170 3142 diserte
2213 3076 2469 3139 indicat:
2516 3075 2626 3141 cfr.

447 3200 584 3263 pag.
620 3180 739 3244 277
767 3204 784 3243 ε
835 3181 1122 3261 „Puisque
1147 3179 1493 3242 Democrite
1520 3182 1679 3243 avait
1703 3182 1977 3263 employe
2001 3184 2055 3246 la
2096 3185 2394 3263 premiere
2432 3186 2625 3265 partie

452 3290 528 3351 de
570 3306 636 3372 sa
680 3288 778 3350 vie
820 3288 855 3349 a
897 3302 999 3349 ses
1056 3303 1331 3369 voyages
1377 3288 1526 3349 dans
1593 3288 1884 3367 l’Orient,
1948 3296 2008 3352 et
2049 3290 2191 3372 qu'il
2233 3310 2311 3353 ne
2351 3293 2548 3354 revint
2587 3293 2623 3354 a

449 3398 694 3461 Abdere
739 3412 808 3458 sa
850 3395 1043 3476 patrie
1086 3412 1202 3476 que
1244 3394 1394 3458 dans
1437 3413 1518 3458 un
1560 3398 1676 3477 age
1718 3374 1799 3457 un
1839 3415 1954 3478 peu
1984 3400 2216 3461 avance
2248 3407 2380 3477 -α,
2425 3416 2624 3479 eaque

452 3507 610 3576 inter
634 3511 772 3567 octo
803 3519 1091 3565 annorum
1116 3504 1404 3583 spatium:
1449 3503 1572 3565 vid.
1614 3521 1755 3585 pag.
1787 3506 1939 3567 278:
1989 3506 2083 3585 „Si
2126 3507 2247 3569 l’on
2290 3508 2490 3587 ajoute
2535 3505 2627 3569 les

454 3615 580 3675 huit
625 3631 774 3688 anS,
817 3629 933 3692 que
979 3611 1324 3673 Democrite
1363 3628 1540 3691 passa
1588 3611 1736 3673 dans
1782 3630 1883 3674 ses
1929 3632 2200 3698 voyages
2241 3622 2381 3675 -.“
2495 3614 2631 3677 De-

456 3722 636 3801 nique
701 3737 779 3781 ne
833 3721 964 3799 ipsa
1030 3719 1267 3800 quidem
1320 3720 1661 3783 emendatio
1724 3721 1951 3783 Frereti
2010 3721 2153 3784 mihi
2209 3720 2451 3802 placet3
2514 3740 2632 3785 ne-

459 3846 574 3909 que
631 3828 713 3889 illi
772 3845 979 3888 verum
1042 3827 1365 3904 viderunt,
1424 3830 1527 3907 qui
1586 3828 1773 3891 verba
1829 3826 1952 3891 σῦν
2010 3836 2142 3903 τοῖς
2183 3831 2241 3893 δ’
2279 3829 2386 3894 ἐπὶ
2439 3834 2633 3896 πᾶσιν

458 3937 554 3999 ἐπ’
601 3932 719 3998 ἔπε’
767 3929 1125 4014 ὀγδώκοντα
1165 3931 1274 3998 ἐπὶ
1309 3933 1510 4017 ξείνης
1551 3934 1850 4020 ἐγενήθην
1894 3937 2337 4019 interpretanda
2381 3948 2636 4021 putave-

458 4051 636 4106 runt:
682 4061 851 4122 „cum
894 4043 1167 4105 omnibus
1208 4045 1338 4107 istis
1378 4045 1613 4125 populis
1657 4047 1964 4128 octoginta
2002 4065 2335 4126 per-annos
2368 4066 2634 4112 conver-

461 4159 625 4215 satus
672 4159 871 4231 sum“‚
939 4166 1188 4231 quorum
1232 4149 1454 4230 primus
1518 4151 1627 4212 suit
1669 4150 2007 4213 Bruckerus
2056 4150 2189 4213 hist.
2240 4154 2369 4215 crit.
2417 4153 2629 4232 philos,

463 4265 603 4326 tom.
646 4261 690 4322 l.
742 4277 876 4342 pag.
933 4258 1111 4321 1178.
1201 4258 1529 4321 immutavit
1571 4258 1824 4340 paullum
1852 4257 2135 4322 Bruckeri
2179 4262 2638 4342 explicationem

461 4370 817 4450 Fabricius,
879 4370 979 4449 qui
1019 4366 1164 4431 Bibl.
1204 4367 1303 4430 Gr.
1350 4373 1491 4429 tom.
1537 4367 1606 4431 11.
1655 4384 1790 4450 pag.
1832 4368 1975 4433 628.
2062 4371 2465 4435 Democritum
2523 4346 2637 4452 gad
