2975 4959
1280 271 1850 389 —30'—'

449 509 636 583 sium,
677 509 1032 585 Meursium,
1076 508 1410 585 petavium,
1451 508 1960 589 Hambergerum‚
1990 506 2390 584 Bruckerum,
2430 506 2642 568 Corsi-

465 634 626 695 num,
667 635 795 679 rem
836 616 1019 679 multo
1047 617 1536 697 probabiliorem,
1575 618 1755 679 immo
1777 633 1932 697 quae
1954 616 2082 678 sola
2114 633 2256 677 vera
2284 621 2397 693 est,
2447 632 2644 695 agen-

460 732 555 788 tes
624 726 861 787 silentio
927 725 1289 804 premendos
1352 723 1539 786 duxit.
1637 723 1880 786 Meursii
1949 725 2106 785 enim
2163 722 2643 785 emendationem

464 835 745 913 optimam
809 850 947 894 esse
993 833 1112 893 iam
1169 850 1379 894 omnes
1443 817 1793 912 intelligent.
1901 833 2071 905 Quae
2124 849 2210 914 'ex
2265 830 2503 892 Laertio
2566 830 2646 892 de
2757 873 2760 876 ι

466 943 872 1021 Anaxagorae
914 939 1032 999 vita
1086 938 1262 1000 nobis
1310 940 1734 1014 innotuerunt,
1764 945 1881 999 tam
1925 936 2234 1018 praeclare
2277 937 2648 1018 conspirant,

470 1056 537 1111 ut
584 1047 934 1110 dubitationi
973 1047 1076 1107 vix
1118 1046 1430 1127 quicquam
1474 1048 1551 1109 sit
1593 1047 1733 1109 loci.
1819 1025 1895 1108 Ut
1937 1047 2094 1107 enim
2136 1047 2323 1107 verba
2367 1049 2498 1110 eius
2528 1048 2647 1107 iam

462 1155 777 1218 emendata
820 1154 1141 1232 ascribam,
1188 1153 1341 1216 haec
1385 1161 1558 1217 sunt:
1608 1154 1650 1215 1.
1697 1155 1969 1233 Λέγεται
2011 1154 2082 1215 δὲ
2124 1150 2283 1215 κατὰ
2330 1151 2442 1235 τὴν
2481 1148 2646 1235 Ξέρ-

463 1268 574 1341 ξου
623 1259 922 1342 διάβασιν
966 1257 1197 1324 εἴκοσιν
1239 1255 1637 1340 ἐτῶνεῖναι,
1697 1260 2070 1341 βεβιωκέναι
2111 1262 2182 1323 δὲ
2225 1255 2646 1342 ἑβδομήκοντα

460 1370 596 1438 δύο,
664 1369 734 1436 ΙΙ.
785 1370 1052 1452 Φησίδὲ
1095 1367 1582 1452 Ἀπολλόδωρος
1615 1364 1683 1432 ἐν
1724 1374 1855 1441 τοῖς
1894 1374 2229 1449 χρονικοῖς,
2271 1369 2648 1449 γεγενῆσθαι

458 1475 658 1541 αὐτὸν
700 1480 774 1563 τῇ
816 1471 1241 1561 ἑβδομηκοστῇ
1299 1474 1680 1558 ὀλυμπιάδι,
1733 1460 2103 1559 &ethnicam
2162 1476 2232 1537 δὲ
2289 1477 2376 1563 τῷ
2418 1474 2643 1561 πρώτῳ

462 1582 594 1648 ἔτει
652 1586 761 1666 τῆς
826 1579 1235 1665 ὄγδοηκοστῆς
1301 1584 1551 1665 ὀγδόης.
1638 1584 1736 1646 111.
1784 1576 2081 1663 Ἠρξατο
2146 1585 2216 1647 δὲ
2274 1589 2646 1666 φιλοσοφεῖν

476 1689 822 1777 Αθήνῃσιν
855 1689 968 1752 ’ἐπὶ
1014 1692 1300 1754 Καλλίου
1348 1694 1507 1754 ἑτῶν
1553 1688 1784 1755 εἴκοσιν
1826 1683 1933 1770 ὦν,
1979 1686 2066 1765 αῗς
2105 1715 2265 1775 φησι
2287 1688 2648 1774 Δημήτριος

468 1796 502 1859 o‘
556 1795 896 1881 Φαληρεὺς
941 1799 1007 1860 ἐν
1057 1801 1139 1883 τῇ
1182 1800 1307 1861 τῶν
1364 1797 1692 1880 ἀρχόντων
1737 1799 2095 1884 ἄναγραφῇ.
2209 1799 2423 1872 Tribus
2474 1800 2655 1880 igitur

459 1907 723 1969 fontibus
770 1907 1077 1987 Diogenes
1124 1924 1270 1969 usus
1313 1913 1423 1969 est.
1509 1907 1799 1985 Primum,
1859 1908 2086 1988 inquit,
2146 1913 2283 1968 sunt
2337 1907 2434 1986 qui
2471 1907 2645 1968 Ana-

459 2033 751 2097 xagoram
813 2030 973 2077 anno
1014 2012 1156 2074 480.
1216 2014 1496 2075 iuvenem
1554 2015 1767 2095 viginti
1824 2032 2111 2075 annorum
2162 2013 2345 2076 fuisse
2389 2011 2647 2088 tradant,
2726 2091 2730 2097 Ι

463 2132 524 2185 et
586 2124 814 2186 vixisse
877 2138 1070 2184 annos
1133 2123 1510 2203 septuaginta
1584 2122 1721 2185 duo.
1837 2122 1886 2185 1i
1954 2140 2107 2203 ergo
2176 2129 2376 2183 natum
2444 2122 2649 2183 dicunt

464 2221 623 2293 anno
656 2232 795 2298 500.
847 2231 986 2293 Tum
1016 2230 1420 2310 Apollodorus
1464 2231 1528 2292 in
1571 2230 1767 2293 lucem
1808 2237 2148 2311 susceptum
2189 2231 2271 2292 ait
2310 2228 2651 2310 olympiade

463 2342 949 2419 septuagesima,
1017 2340 1186 2400 cuius
1244 2339 1470 2418 primus
1536 2356 1726 2400 annus
1781 2344 1874 2399 est
1918 2339 2039 2401 500
2056 2359 2074 2416 3
2141 2345 2433 2399 mortuum
2499 2352 2649 2399 vero

463 2446 814 2526 olympiadis
859 2446 1270 2525 octogesimae
1319 2451 1572 2506 octavae
1614 2462 1771 2506 anno
1815 2445 2025 2526 prim0.
2112 2426 2448 2508 Demetrius
2488 2445 2649 2520 Pha-

462 2554 663 2616 lereus
709 2553 965 2633 denique
1023 2552 1205 2614 Callia
1264 2552 1393 2613 sive
1451 2552 1716 2615 Calliade
1778 2553 2109 2632 archonte,
2169 2556 2269 2634 qui
2327 2559 2457 2616 erat
2504 2558 2648 2618 anni

463 2660 606 2725 480.
654 2661 807 2737 (vid.
855 2661 1108 2723 Clinton.
1151 2661 1311 2723 Fast.
1353 2659 1503 2726 Heli.
1553 2661 1609 2722 h.
1648 2672 1781 2739 a.),
1833 2662 2047 2742 viginti
2100 2680 2235 2724 eum
2289 2680 2484 2725 annos
2528 2661 2647 2726 ha-

466 2771 668 2831 buisse
717 2774 936 2830 narrat.
1003 2769 1216 2831 Natum
1259 2785 1410 2849 ergo
1453 2769 1805 2831 confirmant
1830 2770 2259 2850 Anaxagoram
2302 2787 2464 2831 anno
2497 2771 2644 2833 500.

467 2896 678 2941 omnes
726 2879 937 2958 quibus
983 2879 1291 2961 Diogenes
1333 2896 1477 2940 usus
1527 2886 1619 2940 est
1664 2884 1960 2941 auctores.
2044 2880 2136 2941 Ex
2178 2878 2309 2941 aliis
2353 2896 2501 2941 vero
2546 2879 2649 2942 ni-

465 2986 587 3062 hil,
651 2985 813 3066 quod
863 2986 1089 3061 sciam,
1148 2993 1517 3066 compertum
1560 2986 1890 3064 habemuS,
1952 2988 2070 3048 nisi
2112 2986 2273 3066 quod
2312 2985 2498 3049 falsus
2543 2988 2644 3050 ille

468 3094 767 3174 Origenes
786 3093 1001 3155 Philos.
1047 3111 1179 3172 cap.
1213 3091 1363 3156 Vlll.
1410 3083 1606 3165 Οὗτος
1637 3089 2113 3176 [Ἀναξαγόρας]
2159 3086 2432 3173 ἤκμασεν
2466 3089 2649 3169 ἔτους

467 3197 723 3281 πρώτου
767 3202 876 3281 τῆς
922 3195 1337 3283 ὄγὸοηκοστῆς
1394 3195 1618 3281 ὀγδόης
1679 3197 2075 3276 ὀλυμπιάδος
2139 3199 2384 3262 tradens
2436 3204 2647 3264 mortis

471 3326 687 3371 annum
723 3326 828 3387 pro
852 3308 1053 3389 α’κμῆς
1078 3314 1347 3387 tempore
1373 3309 1592 3388 posuit,
1635 3307 1697 3369 id
1731 3305 1892 3387 quod
1923 3313 2091 3370 recte
2135 3308 2515 3371 observatum
2557 3316 2651 3373 est

467 3435 501 3478 a
545 3416 819 3478 Clintone
858 3416 1013 3478 Fast.
1061 3411 1208 3477 Heli:
1252 3434 1308 3477 a.
1354 3417 1499 3478 428.
1583 3417 1731 3479 Nam
1775 3415 2117 3493 Eusebium,
2163 3419 2263 3497 qui
2309 3416 2648 3499 olympiade

468 3527 908 3607 septuagesima
953 3524 1308 3587 inclaru1sse
1352 3526 1436 3587 ait
1473 3524 1863 3602 Hellanicum,
1907 3525 2332 3602 Democritum,
2370 3526 2646 3588 Heracli-

470 3642 617 3711 tum,
658 3636 1109 3715 Anaxagoram,
1148 3633 1295 3695 nihil
1338 3650 1575 3708 moror3
1620 3651 1815 3713 neque
1841 3635 2033 3714 magis
2056 3635 2415 3716 Syncellum,
2455 3636 2650 3717 quiex

468 3741 731 3803 Eusebio
773 3744 1013 3822 sapiens
1056 3760 1195 3822 pag.
1218 3744 1357 3805 238.
1381 3742 1427 3803 C
1468 3741 1742 3804 diversas
1768 3742 2099 3804 eorundem
2123 3745 2356 3805 illorum
2383 3745 2649 3807 virorum

472 3856 699 3911 aetates
725 3849 942 3911 eodem
963 3851 1142 3913 modo
1167 3850 1493 3913 confundit.
1543 3850 1764 3913 Talium
1798 3852 1954 3912 enim
1977 3850 2244 3913 locorum
2272 3870 2424 3932 quae
2453 3856 2530 3915 sit
2551 3872 2652 3915 ra-

471 3960 580 4035 tio,
622 3957 717 4017 vel
748 3957 887 4018 inde
914 3966 1180 4038 apparet,
1209 3945 1368 4038 quod
1394 3958 1550 4038 apud
1566 3939 1886 4019 Eusebium
1915 3958 2252 4038 olympiade
2276 3963 2649 4042 octogesima

473 4063 808 4126 Heraclitus
842 4068 902 4123 et
922 4065 1292 4143 octogesima
1319 4070 1488 4125 sexta
1511 4066 1906 4146 Democritus,
1931 4068 2190 4147 itemque
2217 4069 2371 4148 apud
2393 4068 2649 4150 Syncel-

473 4172 592 4233 lum
625 4189 762 4251 pag.
789 4172 929 4232 248.
955 4171 998 4233 Β
1033 4173 1410 4235 Democritus
1442 4181 1580 4236 ante
1609 4173 1825 4236 bellum
1845 4174 2416 4254 Peloponnesiacum
2438 4180 2652 4239 iterum

472 4278 750 4341 floruisse
767 4278 1060 4340 dicuntur.
1084 4278 1375 4342 Mortuum
1396 4286 1589 4359 autem
1610 4281 1693 4341 ait
1706 4281 2133 4364 Anaxagoram
2148 4283 2441 4360 Eusebius
2460 4285 2652 4365 olym-

473 4386 668 4470 piadis
708 4387 1187 4470 septuagesimae
1212 4404 1410 4452 nonae
1439 4404 1602 4450 anno
1636 4390 1833 4469 tertiO,
1884 4397 2063 4474 atque
2106 4394 2269 4456 circa
2315 4393 2473 4455 idem
2520 4393 2649 4457 fere
