2975 4959
1283 290 1818 361 ...162—

473 472 795 544 desultoria
839 482 934 544 illa
977 483 1227 558 levita8‚
1294 500 1407 562 qua
1451 483 1757 562 sophistae
1806 482 1958 562 apud
2000 482 2297 544 Platonem
2337 501 2468 544 cum
2513 483 2638 545 So-

475 598 638 653 crate
685 592 1048 671 dlsputantes
1091 592 1172 652 uti
1219 591 1455 668 solent,
1500 591 1572 653 ad
1620 597 1880 653 veterum
1928 591 2323 671 sophistarum
2371 591 2656 682 discipu-t

467 698 562 760 los
586 700 902 779 praecipue
927 700 1238 778 pertineat,
1285 700 1383 778 qui
1409 716 1441 759 a
1464 716 1751 780 germana
1783 698 2157 779 philosophia
2194 701 2411 762 remoti
2452 699 2638 782 longe

468 807 542 868 ab
587 807 698 867 illis
743 807 1056 867 distabant.

628 913 935 975 Herbstius
979 910 1092 994 qua
1136 915 1232 983 via
1275 904 1369 975 eo'
1395 917 1783 993 pervenerit,
1843 919 1905 974 ut
1958 913 2240 976 iudicium
2302 912 2380 975 de
2420 914 2634 979 Prota-

463 1038 653 1101 gorae
701 1021 936 1083 dicendi
982 1021 1262 1083 facultate
1305 1021 1489 1085 ferret
1516 1029 1721 1084 nostro
1767 1021 2150 1099 contrarium,
2192 1038 2313 1083 uno
2356 1022 2632 1101 exemplo

370 1132 375 1138 ’
465 1129 785 1191 ostendere
826 1129 1095 1191 sufficiat.
1183 1129 1454 1208 „Oder“,
1499 1133 1687 1217 inquit
1727 1147 1864 1210 pag.
1916 1128 2067 1207 139,
2115 1147 2213 1208 „er
2266 1135 2622 1190 antwortete

462 1236 614 1299 auch
656 1238 827 1310 (Plat.
870 1238 1022 1300 Prot.
1065 1237 1206 1301 332.
1249 1240 1325 1315 C)
1372 1239 1477 1300 auf
1511 1237 1722 1320 irgend
1762 1240 1900 1299 elne
1939 1238 2238 1305 Autoritfit
2290 1236 2388 1299 hin
2448 1237 2624 1310 (Plut.

418 1346 556 1407 ‘ed.
602 1345 778 1407 Frclt.
821 1363 957 1427 pag.
1005 1345 1238 1421 359.).“
1320 1347 1579 1409 Platonis
1624 1345 1807 1407 verba
1852 1346 1981 1407 sive
2023 1344 2248 1406 inscius
2311 1348 2441 1406 sive
2485 1345 2626 1406 data

460 1470 641 1534 opera
687 1471 971 1534 perverse
1011 1455 1427 1534 interpretatus
1469 1462 1580 1516 est.
1610 1445 1774 1533 Αρά
1813 1454 1905 1526 τίς
1947 1474 2066 1531 σοι,
2114 1453 2299 1534 lnqutt
2321 1454 2625 1530 Socrates,

360 1636 371 1643 ἱ
448 1563 634 1622 δοκεῖ
666 1562 899 1623 ἅδικων
941 1554 1273 1640 ανθρωπος
1316 1567 1702 1644 σωφρονεῖν,
1747 1554 1841 1619 ὅτι
1866 1558 2121 1637 ἀδικεῖς
2182 1559 2624 1642 Αισχυνοίμην

455 1693 534 1730 αν
575 1664 774 1749 ἔγωγ’,
817 1665 940 1751 ἔφη
987 1648 1517 1750 (Πρωταγόρας),
1560 1693 1611 1728 ω
1657 1664 2001 1745 Σώκρατες,
2043 1670 2230 1728 τοῦτο
2274 1662 2618 1747 ὁμολογεῖν,

458 1775 600 1837 ἐπει
635 1778 859 1837 πολλοί
891 1777 961 1858 γέ
1002 1800 1162 1860 φασι
1208 1800 1333 1838 των
1376 1771 1746 1856 ἀνθρώπων.
1836 1773 1966 1847 Quo
2023 1780 2242 1836 tantum
2298 1775 2501 1852 abest,
2557 1782 2621 1836 ut

455 1883 705 1944 aliorum
768 1887 1179 1946 auctoritatem
1223 1884 1609 1964 amplectatur
1647 1884 2049 1963 ProtagoraS,
2114 1890 2179 1945 ut
2235 1899 2401 1943 suam
2456 1882 2615 1964 vulgi

456 1993 719 2072 opinioni
768 2000 1060 2072 opponat:
1126 1989 1264 2055 ἐπεὶ
1304 1996 1460 2055 enim
1506 1999 1599 2054 est
1638 2007 1997 2071 quanquam.
2065 1991 2357 2053 Plutarchi
2416 1999 2613 2057 autem

455 2099 629 2171 locus
671 2102 1041 2164 abllerhstio
1070 2102 1255 2163 'fictus
1300 2101 1563 2163 videtur:
1609 2119 1762 2161 nam·
1789 2117 1982 2179 neque
2023 2100 2237 2178 prioris
2285 2117 2477 2179 neque
2525 2099 2619 2165 d·-

466 2211 648 2271 terius
696 2212 1010 2274 voluminis
1060 2210 1380 2293 pag.‘359.
1424 2211 1789 2292 Protagorae
1836 2225 1914 2270 ne
1958 2208 2143 2270 verbo
2177 2208 2411 2289 quidem
2454 2227 2628 2271 men-

459 2320 542 2380 tio
588 2318 664 2380 fit.
