2975 4959
1293 265 1795 362 „553-

436 497 677 558 censor‚
718 479 852 543 Gar.
902 479 1059 543 Frid.
1103 480 1495 554 HermannuS‚
1534 478 1635 546 vix
1684 477 1995 557 quicquam
2041 472 2201 552 quod
2242 474 2443 553 magni
2493 490 2638 544 ,ino-

432 587 617 648 menti
664 590 829 649 esset
891 587 1169 647 omisisse
1224 585 1477 648 videtur.
1564 583 1763 656 Quare
1816 597 1935 661 ego
1992 596 2228 661 quoque
2295 598 2370 642 ne
2448 583 2627 643 nimis

437 683 655 756 essem'
683 694 893 755 multus
935 695 998 755 in
1039 694 1289 756 aliorum
1332 691 1643 755 sententiis
1703 686 2068 751 illustrandis
2127 703 2202 748 ea
2244 692 2466 752 tautum
2514 706 2622 750 ar-

440 803 907 885 gumentationis
931 802 1325 865 Herbstianae
1372 801 1567 882 caffita
1611 796 1968 873 examinavi,
2009 795 2225 875 quibus
2268 798 2437 876 quasi
2479 796 2621 859 fun-

438 911 730 973 damentis
788 912 1064 991 imposita
1125 917 1253 974 tota
1311 910 1667 972 continetur.
1752 893 2062 967 flerbstius
2116 902 2180 965 id
2235 905 2614 983 potissimum

386 1063 387 1066 ,
443 1022 649 1099 egisse
712 1019 988 1098 videtur,
1053 1025 1119 1081 ut
1158 1035 1261 1080 res
1299 1032 1493 1080 novas
1534 1015 1597 1077 in
1653 1013 1848 1076 lucem
1890 1010 2228 1097 proferret}
2280 1012 2380 1077 cui
2421 1011 2621 1078 studio.

441 1143 552 1189 suo
596 1126 753 1189 malo
796 1126 1039 1213 nimium
1081 1125 1346 1217 indulsit.

1448 1297 1511 1374 §q-
1552 1286 1615 1351 6.

604 1439 815 1503 Mirum
858 1440 921 1503 in
969 1441 1208 1526 modum
1251 1439 1471 1501 factum
1506 1443 1618 1512 est,
1665 1442 1728 1498 ut
1745 1433 2055 1498 Herbstius
2101 1433 2265 1496 viros
2311 1430 2430 1494 duo
2473 1447 2621 1512 pcr-
2674 1498 2682 1504 ,

442 1548 716 1610 eruditos
776 1552 835 1612 in
892 1566 1134 1610 errores
1179 1547 1510 1609 induceret.
1600 1547 1738 1626 Pag.
1787 1544 1920 1607 100.
1964 1548 2121 1605 enim
2169 1544 2248 1621 ita
2294 1559 2619 1624 argumen-

442 1661 637 1717 tatur:
702 1655 1122 1735 „Philostratus
1167 1655 1246 1716 im
1286 1653 1493 1715 Leben
1534 1653 1643 1713 des
1684 1651 2086 1731 Protagoras:
2142 1647 2399 1730 Βήσους
2430 1650 2514 1736 «δὲ
2553 1649 2622 1724 ἐξ

441 1760 721 1843 ἠπειρων
761 1764 1042 1839 ἅμεήθων
1102 1764 1209 1824 καί
1263 1760 1378 1834 τοὶς
1416 1758 1771 1840 Ἀθηναίωτ
1831 1757 2109 1841 τριήρεις
2151 1755 2626 1840 φυλαττόμενος

441 1870 681 1955 πάσαις
751 1862 1098 1942 θαλάτταις
1163 1870 1629 1949 ἕνεσπαρμέυας
1697 1868 1927 1930 κατέδυ
1993 1869 2198 1930 πλέων
2257 1865 2323 1930 ἐν
2390 1865 2624 1947 ἀκατίῳ

441 1979 649 2063 μικρῷ
688 2016 770 2027 --
816 1969 1193 2059 demzufolge
1219 1978 1601 2058 Protagoras,
1643 1977 1784 2037 weil
1824 1974 2023 2056 gleich
2066 1978 2270 2056 spater
2307 1972 2407 2035 die
2430 1971 2625 2034 Athe..

439 2084 691 2146 nienser
732 2084 829 2145 die
875 2082 1333 2147 Seeherrschaft
1378 2082 1699 2158 verloren,
1760 2083 1865 2144 mit
1910 2080 2095 2143 durch
2142 2081 2242 2144 die
2283 2079 2627 2144 Hermoko-

440 2191 1065 2273 pidenverfolgungen
1090 2191 1276 2267 (415)
1324 2192 1454 2253 sein
1476 2190 1787 2254 Schicksal
1831 2189 2091 2252 erreieht
2119 2190 2319 2252 hahen
2346 2193 2625 2252 miisste.“

444 2300 662 2374 Quain
689 2319 754 2362 re
778 2307 1143 2382 quantopere
1170 2299 1477 2361 Herbstius
1525 2299 1725 2378 lapsus
1771 2305 1934 2360 esset
1975 2300 2284 2386 superiore
2328 2314 2625 2378 paragra·

443 2406 563 2488 pho
607 2408 877 2470 ostendi..
952 2409 1299 2470 Petersenio
1359 2413 1556 2469 autem
1599 2406 1660 2468 id
1707 2406 1861 2468 adeo
1909 2409 2235 2487 persuasit,
2296 2413 2360 2467 ut
2413 2404 2511 2467 hie
2555 2421 2625 2467 re

443 2532 593 2577 vera
653 2533 811 2577 anno
854 2512 995 2577 415.
1043 2521 1331 2584 mortuum
1375 2515 1761 2595 Protagoram
1821 2522 2116 2577 statueret
2169 2515 2437 2579 addens:
2500 2514 2626 2590 „Da

444 2623 553 2684 mit
590 2623 797 2685 ⁴dieser
837 2623 1092 2685 Ansicht
1132 2623 1262 2686 sich
1306 2622 1470 2684 nicht
1513 2640 1627 2684 nur
1671 2623 1768 2684 die
1792 2622 2048 2703 Angabe
2091 2624 2199 2684 des
2221 2622 2627 2698 PhilostratuS,
2707 2679 2712 2684 .

448 2732 716 2794 sondern
782 2731 936 2794 auch
1001 2732 1115 2793 alle
1182 2732 1439 2812 fibrigen
1496 2730 1711 2794 hesser
1768 2731 2175 2812 vei-einigen.“
2257 2730 2434 2810 Anno
2480 2730 2626 2792 505.

450 2857 600 2921 ergo
648 2847 846 2901 natum
878 2887 896 2918 ‚
959 2836 1101 2902 415.
1142 2846 1434 2902 mortuum
1490 2839 1659 2914 dicit.
1743 2839 1863 2903 Sed
1926 2857 2099 2919 quam
2155 2838 2321 2900 nihili
2382 2840 2458 2900 sit
2511 2837 2627 2898 ista

444 2948 599 3009 ratio
641 2949 770 3025 ipse
817 2949 1081 3009 sentiens
1122 2949 1267 3010 satis
1317 2954 1489 3010 caute
1533 2947 1786 3012 adiicit:
1845 2946 2054 3026 „Doch
2100 2947 2258 3027 gebe
2298 2946 2395 3007 ich
2436 2962 2628 3027 gerne

449 3073 568 3132 zu,
632 3053 774 3116 dass
840 3055 1007 3116 diese
1069 3055 1401 3137 Rechnung
1452 3035 1621 3117 nicht
1678 3055 1795 3120 viel
1858 3056 2048 3131 fester
2108 3054 2444 3135 begrfindet
2498 3055 2633 3115 ist.“

448 3163 703 3225 Primum
767 3163 925 3223 enim
984 3180 1281 3243 nunquam
1342 3163 1404 3223 in
1456 3180 1589 3223 eam
1633 3162 1976 3240 incidisset,
2036 3163 2151 3226 nisi
2210 3161 2431 3224 fra-clas
2490 3177 2632 3224 esse

451 3271 650 3353 paullo
700 3278 835 3351 post
877 3288 1096 3333 annum
1146 3268 1288 3332 415.
1374 3271 1827 3333 Atheniensium
1874 3274 2033 3333 vires
2074 3271 2395 3333 maritimas
2435 3269 2639 3334 uerb-

456 3384 604 3443 stius
672 3387 1042 3441 commentus
1102 3387 1281 3460 esset.
1366 3358 1509 3442 Tum
1558 3387 1767 3441 contra
1824 3379 2027 3441 dicunt
2068 3379 2229 3441 Plato
2282 3386 2342 3440 et
2380 3375 2654 3457 Apollo-³

456 3488 687 3568 doruS,
759 3496 1040 3551 auctores
1089 3488 1469 3569 gravissimi,
1530 3488 1917 3569 Protagoram
1974 3488 2348 3570 septuaginta
2409 3492 2634 3549 tantum
2694 3571 2698 3578 ι

455 3614 649 3658 annos
692 3598 939 3674 vixisse,
989 3598 1158 3658 cuius
1200 3596 1527 3677 rei-aliqua
1575 3614 1654 3657 ex
1706 3603 1875 3677 parte
1920 3597 2216 3658 Lucianus
2259 3613 2494 3676 quoque
2537 3600 2637 3655 te·-

455 3705 564 3765 stis
613 3711 707 3765 est
746 3707 803 3766 in
846 3705 1169 3767 Macrobiis
1212 3704 1600 3785 Protagoram
1640 3722 1761 3765 non
1809 3721 2166 3765 memorans.
2213 3703 2383 3765 Conf.
2432 3703 2496 3770 C.
2537 3702 2636 3766 Fr.

457 3812 832 3876 Hermannus
875 3812 913 3874 l.
954 3813 991 3874 1.
1036 3830 1171 3893 pag.
1201 3812 1344 3875 365.
1430 3813 1519 3876 Ne
1559 3813 1759 3892 plura:
1803 3814 2131 3874 Petersenii
2172 3813 2468 3874 sententia
2511 3810 2636 3895 ⁴dif-

367 3967 373 3976 .
465 3919 820 3981 ficullatibus
861 3937 1006 3999 quas
1051 3919 1262 3982 tollere
1306 3921 1405 3980 vix
1445 3922 1644 4000 possis
1682 3920 2056 4019 impedimur.

613 4012 1005 4088 Nihilominus
1040 4027 1353 4107 Kayserus
1399 4028 1667 4091 Philostr.
1720 4032 1818 4090 vit.
1858 4013 2254 4107 sophistarum
2300 4044 2440 4108 pag.
2488 4027 2631 4092 202.

447 4138 511 4219 in
558 4133 810 4194 eandem
853 4134 983 4193 fere
1025 4135 1069 4194 it
1111 4136 1510 4197 sententiam.
1576 4135 1983 4215 „Pythodoius
2045 4140 2174 4196 erat
2229 4135 2291 4195 in
2338 4133 2631 4214 quadrin-

445 4243 645 4324 gentis
671 4248 842 4304 -teste
880 4242 1055 4324 Diog.
1097 4241 1293 4305 Laert.
1334 4243 1436 4306 lib.
1479 4243 1582 4311 IX.
1633 4252 1690 4320 §.
1728 4240 1828 4306 54.
1913 4242 2059 4304 Inde
2107 4238 2305 4304 ta'men
2353 4255 2482 4304 noa
2536 4237 2628 4301 ef-

345 4383 362 4394 ·
439 4350 632 4413 (icitur
654 4394 678 4425 ‚
737 4348 900 4430 quod
958 4347 1271 4413 Herbstius
1329 4349 1489 4427 vult,
1551 4350 1938 4432 Protagoram
2000 4350 2242 4417 demum
2277 4348 2369 4413 01.
2412 4342 2512 4414 94.
2567 4348 2636 4427 2,
