2975 4959
1256 298 1788 368 —138-

431 485 572 569 quid
621 504 825 549 verum
873 491 1041 548 esset
1082 501 1161 547 ex
1205 478 1480 548 similium
1528 483 2011 564 comparatione,
2052 501 2225 565 quam
2272 484 2612 566 analogiam

433 595 578 657 dicit
642 594 1070 671 Quintilianus,
1137 599 1199 654 et
1262 594 1502 655 ratione
1566 591 1887 671 expedivit.
1993 591 2161 665 Quae
2224 593 2418 655 studia
2475 611 2611 655 cum

433 702 811 784 ὀρθοεπείας
868 702 1117 763 nomine
1161 718 1197 762 a
1242 700 1593 782 quibusdam
1651 699 2082 780 comprehensa
2126 719 2203 764 ex
2250 700 2614 775 Quintiliano

433 813 824 891 cognorimus
856 855 874 886 ‚
941 811 1130 890 ipsum
1199 809 1804 890 itero-Protagoram
1875 807 2253 888 ’ὀρθοέπειαν
2320 808 2615 890 quandam

427 925 723 979 tractasse
766 936 844 979 ex
886 918 1131 980 Platone
1177 924 1482 998 appareat,
1524 934 1678 997 quae
1721 916 1912 996 qualis
1956 916 2132 978 fuerit
2175 918 2307 979 aliis
2346 937 2425 979 ex
2468 918 2611 979 lon-

432 1026 590 1088 tibus
636 1044 756 1087 non
802 1028 1232 1107 perspiciatur:
1285 1025 1443 1088 haud
1487 1027 1567 1087 ita
1612 1027 1797 1107 longe
1834 1042 1868 1085 a
1913 1041 2059 1087 vero
2103 1025 2390 1088 aberrare
2435 1024 2614 1088 vide-

431 1153 564 1196 mur
624 1136 1010 1216 grammatica
1079 1134 1176 1195 illa
1235 1134 1474 1212 studia,
1538 1134 1615 1196 de
1674 1133 1889 1214 quibus
1947 1133 2126 1195 modo
2190 1151 2391 1196 sermo
2455 1140 2609 1212 erat,

342 1313 346 1317 4
426 1240 802 1323 ὀρθοεπείας
845 1243 1087 1304 nomine
1128 1243 1456 1323 sophistam
1503 1241 2037 1324 comprehendisse
2080 1248 2427 1303 statuentes
2484 1242 2612 1304 Ea·-

432 1349 567 1412 dem
619 1351 878 1412 sortasse
941 1357 1034 1412 est
1069 1350 1387 1412 ,Welckeri
1443 1351 1788 1424 sententia,
1853 1352 1952 1429 qui
1994 1349 2139 1412 Mus.
2189 1350 2379 1412 Rhen.
2431 1350 2609 1412 1833.

429 1475 567 1540 pag.
593 1458 734 1521 559.
769 1466 973 1521 annot.
1003 1458 1158 1520 163:
1206 1459 1352 1538 „Die
1387 1456 1785 1539 o’pssoe'nseff,
1827 1459 2035 1539 inquit,
2078 1457 2221 1538 „des
2251 1458 2612 1539 Protagoras
2733 1498 2740 1505 ·

428 1566 510 1628 im
554 1566 861 1629 Phaedrus
905 1565 1049 1649 geht
1097 1567 1194 1628 die
1239 1565 1702 1649 grammatische
1726 1566 1900 1628 Form
1943 1573 2076 1644 an“‚
2123 1566 2423 1647 Spengelii
2472 1582 2611 1646 pag.

429 1673 532 1735 42.
596 1672 892 1750 laudans3
966 1675 1164 1752 itaque
1239 1680 1409 1736 recte
1469 1674 1629 1734 idem
1702 1674 2071 1736 Classenium
2140 1674 2607 1756 reprehendisse

425 1780 698 1858 videtur,
755 1782 857 1862 qui
899 1781 1277 1864 ὄρθοέπειαν
1325 1781 1757 1862 Protagoream
1802 1781 2055 1844 eandem
2098 1783 2228 1845 fere
2268 1782 2455 1845 fuisse
2493 1800 2610 1863 pu·-

427 1894 512 1951 tat
563 1889 662 1970 qui
730 1886 928 1970 ὄρθός
990 1888 1200 1970 λόγος,
1268 1908 1302 1953 a
1348 1890 1489 1953 Plut.
1545 1891 1675 1952 Per.
1727 1909 1856 1971 cap.
1900 1891 2165 1953 xxxvl.
2225 1899 2609 1968 memoratus,

428 2013 561 2058 cum
607 1996 706 2059 ille
771 1997 849 2059 ad
906 1997 1095 2077 ipsam
1158 1999 1516 2061 sententiam
1575 2000 1874 2078 pertineat
1921 2005 2111 2081 -atque
2167 2001 2228 2061 in
2289 1998 2610 2061 rhetoricis

429 2103 796 2186 Protagorae
839 2106 1054 2168 studiis
1093 2108 1438 2170 tractandus
1480 2108 1596 2184 sit,
1636 2107 1833 2184 haec,
1880 2107 2121 2169 dicendi
2169 2107 2422 2171 formam
2459 2125 2608 2189 spe-

430 2220 624 2292 ctans‚
669 2214 729 2275 in
772 2217 1196 2295 grammaticis,
1282 2216 1678 2279 Nihilominus
1717 2234 1849 2295 cum
1874 2217 2184 2279 Classenio
2227 2216 2287 2278 in
2331 2234 2407 2279 eo
2453 2233 2610 2278 con-

428 2323 660 2400 sentio,
720 2324 1061 2403 ὀρθοέπεια
1104 2340 1227 2385 non
1271 2341 1410 2387 esse
1457 2324 1794 2386 ducendum
1836 2322 1963 2385 α’πὸ
2006 2328 2126 2387 τῶν
2168 2326 2383 2407 ὀρθῶν
2423 2324 2611 2402 ἐπῶν,

427 2437 492 2493 ut
534 2432 860 2493 Lerschius
902 2431 1038 2494 libri
1079 2433 1240 2495 laud.
1294 2450 1432 2515 pag.
1481 2435 1576 2495 18.
1625 2434 1738 2495 ait:
1793 2433 2010 2510 „Diese
2057 2430 2398 2516 ὄρθοέπεια
2440 2432 2611 2510 aber,

430 2537 532 2599 (lie
588 2539 710 2600 ihm
770 2537 922 2601 auch
986 2540 1270 2620 Socrates
1330 2541 1393 2601 in
1453 2540 1677 2602 Platon.
1726 2540 1975 2601 Phaedr.
2021 2541 2299 2629 pag482.
2364 2538 2613 2620 beilegt,

426 2646 508 2708 ist
570 2647 751 2708 keine
815 2647 1041 2709 andere
1109 2646 1198 2709 als
1256 2647 1355 2709 dle
1396 2647 1592 2709 Lehre
1648 2650 1798 2731 περὶ
1839 2644 2173 2731 ὀρθότητος
2231 2643 2398 2710 ἐπῶν
2459 2646 2612 2711 oder

432 2753 822 2835 o’vopca'tmst:
871 2757 1032 2819 conf.
1079 2756 1346 2820 eiusdem
1389 2775 1528 2839 pag.
1560 2756 1779 2819 16:-
1822 2755 1931 2820 sed
1978 2755 2064 2817 ab
2099 2752 2311 2837 ὀρθῶς
2354 2756 2614 2835 ἘΠειν,

432 2869 601 2926 recte
644 2864 967 2943 loquendo,
1009 2864 1106 2926 vel
1147 2865 1343 2944 potius
1384 2866 1459 2928 ab
1506 2865 1805 2927 adiectivo
1852 2861 2182 2944 ὄρθοεπὴς.
2241 2863 2385 2924 Item
2413 2861 2622 2924 diver-

432 2972 670 3033 sissima
717 2972 987 3034 contudit
1025 2972 1338 3036 Herbstius
1379 2988 1518 3054 pag.
1568 2974 1723 3035 141:
1789 2971 1908 3050 „Zu
1964 2964 2190 3034 seinem
2232 2969 2616 3034 Unterrichte

441 3078 714 3161 gehoren
781 3097 994 3149 ausser
1062 3081 1173 3142 der
1235 3082 1519 3143 πολίτεια
1583 3079 1706 3141 und
1767 3080 1877 3142 der
1916 3081 2235 3160 οἰκονομία
2296 3080 2457 3142 noch
2513 3079 2614 3142 die

431 3188 936 3269 grammatischen
999 3188 1291 3267 Studien,
1352 3187 1450 3249 die
1515 3194 1689 3250 unter
1743 3187 1876 3250 dem
1935 3187 2328 3270 allgemeinen
2385 3188 2613 3251 Namen

431 3291 774 3377 ὄρθοέπεια
815 3297 921 3359 mit
966 3296 1262 3378 begriffen
1308 3297 1463 3374 sind,
1509 3297 1583 3379 da
1626 3296 1794 3360 diese
1832 3295 1999 3358 nicht
2037 3294 2235 3375 bloss,
2279 3296 2396 3368 wie
2440 3296 2620 3358 Clas·-

326 3399 348 3410 ’
428 3421 547 3489 „sen
588 3422 645 3485 p.
690 3404 789 3467 29.
836 3405 1044 3487 glaubt
1072 3453 1090 3485 ,
1159 3405 1267 3469 auf
1303 3405 1402 3467 die
1442 3404 1711 3486 Sprache
1752 3407 1980 3487 gieng‚
2042 3405 2311 3467 sondern
2358 3404 2456 3466 die
2498 3421 2621 3486 ge-

439 3531 599 3576 naue
641 3515 1048 3596 Bestimmung
1094 3514 1205 3578 der
1229 3515 1425 3580 Sache
1476 3512 1687 3595 selbst‚
1734 3513 1864 3578 also
1911 3515 2148 3596 einiger
2166 3514 2403 3576 Massen
2446 3516 2622 3577 seine

435 3620 631 3703 Logik
677 3624 828 3686 oder
864 3623 1276 3704 Metaphysik,
1319 3630 1498 3685 wenn
1544 3623 1707 3685 wir’s
1747 3640 1819 3685 so
1865 3622 2108 3685 nenne‘n
2146 3622 2397 3701 dfirfen,
2454 3621 2618 3683 noch

432 3731 536 3791 mit
579 3731 884 3795 umsasste.
971 3733 1053 3796 So
1097 3732 1258 3792 kann
1298 3731 1390 3793 sie
1430 3729 1666 3822 treilich
1709 3730 1869 3793 noch
1913 3731 2015 3793 die
2034 3730 2243 3813 Kunst‚
2278 3730 2451 3792 recht
2495 3728 2619 3791 und

430 3854 632 3918 genau
673 3857 751 3901 zu
787 3840 1122 3920 sprechen,
1178 3846 1450 3922 genannt
1508 3840 1796 3918 werden,
1857 3841 2005 3904 aber
2043 3857 2195 3915 nur,
2253 3857 2436 3901 wenn
2481 3855 2618 3900 man

432 3946 710 4027 zugleich
752 3947 850 4009 die
892 3949 1089 4013 Sache
1130 3949 1218 4011 als
1263 3949 1381 4011 den
1406 3949 1812 4012 Probierstein
1855 3949 1966 4011 der
2006 3947 2177 4012 Rede
2217 3947 2420 4030 gelten
2453 3947 2616 4009 lasst.

436 4053 849 4136 Ein‘Beispiel
908 4056 1003 4119 fiir
1051 4057 1260 4120 diesen
1302 4057 1589 4119 weiteren
1651 4058 1825 4120 Kreis
1886 4057 1997 4119 der
2045 4057 2391 4139 ὀρθοὲπεια
2451 4054 2620 4136 gieht

427 4181 540 4225 uns
582 4163 852 4226 Plutarch
900 4166 977 4227 im
1021 4165 1225 4228 Leben
1274 4168 1384 4230 des
1431 4166 1694 4229 Perikles
1739 4185 1789 4232 c.
1827 4166 1928 4227 36.
1969 4167 2031 4226 in
2080 4164 2411 4245 folgenden
2429 4162 2613 4225 Wor-

428 4277 561 4333 ten:
627 4273 1004 4336 Πεντάθλου
1052 4281 1114 4336 et
1155 4292 1472 4357 q.·seqq.‚
1530 4293 1627 4336 wo
1684 4292 1799 4335 nur
1851 4276 1948 4335 ein
1997 4273 2258 4336 anderer
2295 4269 2618 4334 Ausdruck

426 4379 610 4461 (κατὰ
658 4377 768 4444 τὸν
812 4380 1161 4465 ὀρθότατον
1194 4380 1418 4465 λόγον)
1485 4384 1580 4445 fur
1622 4376 1968 4464 ὄρθοέπεια
2012 4386 2249 4464 gesetzt
2304 4381 2425 4459 ist,
2493 4377 2619 4439 wic
