2975 4959
1316 279 1856 357 -174--

502 489 644 553 pag.
670 469 810 534 316.
860 471 934 548 Α,
976 472 1118 535 320.
1145 472 1217 551 A,
1255 471 1398 535 336.
1444 472 1489 534 R
1536 473 1607 549 o,
1658 472 1800 535 347.
1839 472 1906 547 a,
1946 446 2087 533 343.
2113 471 2155 532 Β
2201 471 2262 533 in
2307 471 2674 552 Protagorae

512 578 936 659 discipulorum
972 597 1221 642 numero
1256 596 1610 641 memorare.
1670 579 1813 640 Item
1861 579 2327 643 Hecataeum
2360 579 2671 657 Milesium,
2723 629 2729 634 .

418 684 423 691 ’
500 704 701 749 rerum
746 688 1094 768 scriptorem
1136 687 1247 762 (de
1294 705 1412 766 quo
1452 687 1613 749 cons.
1639 687 1836 748 Vossii
1878 688 1954 769 de
1983 688 2203 754 Hister.
2235 686 2450 749 Graec.
2490 687 2590 748 lib.
2622 686 2667 748 l.

498 813 630 876 cap.
671 795 728 874 1,
793 795 1070 861 Creuzer.
1130 794 1348 856 Histor.
1396 795 1607 856 Graec.
1655 793 1867 875 fragm.
1914 811 2049 875 pag.
2099 796 2151 855 1.
2189 799 2258 855 et
2295 811 2350 873 q.
2391 803 2590 873 seqq.)
2634 812 2673 857 a

494 903 677 969 suida
726 920 777 965 s.
818 922 877 965 v.
909 901 1226 976 Ἑκαταῖος
1267 894 1514 983 proptor
1553 912 1879 983 temporum
1939 903 2206 965 rationes
2264 901 2416 963 falso
2456 902 2669 963 Prota-

491 1028 684 1093 gorae
725 1010 1068 1091 discipulum
1098 1012 1216 1073 dici
1256 1019 1424 1073 recte
1465 1013 1726 1072 coniecit
1749 1013 1866 1073 iam
1888 1010 2220 1074 Salmasius
2239 1009 2381 1072 Plin.
2402 1008 2665 1073 Exercit.

490 1119 555 1181 in
597 1119 662 1181 C.
708 1118 751 1181 1.
797 1119 986 1182 Solini
1045 1119 1414 1199 Polyhistora
1472 1136 1611 1207 pag.
1659 1118 1804 1180 594.
1862 1117 1927 1182 C.
2016 1117 2295 1179 Fortasse
2363 1117 2509 1178 alter
2563 1115 2664 1177 ille

489 1227 860 1300 Hecataeus,
931 1228 1353 1308 grammaticus
1419 1227 1744 1305 Abderita,
1806 1227 1867 1288 in
1929 1226 2295 1307 Protagorae
2357 1223 2664 1304 discipulis

489 1335 971 1412 memorabatur,
1037 1338 1204 1398 cuius
1249 1337 1477 1398 erroris
1526 1353 1729 1397 ansam
1772 1335 2044 1413 praebuit
2088 1340 2156 1395 et
2187 1333 2416 1414 patriae
2460 1338 2520 1393 et
2565 1332 2667 1392 di-

489 1444 787 1524 sciplinae·
825 1448 1183 1506 communio.
1270 1445 1550 1506 Errorem
1600 1443 1768 1505 dico:
1811 1462 1946 1504 nam
1992 1461 2125 1504 eum
2173 1443 2409 1522 quidem
2452 1440 2661 1502 Heca-

488 1558 685 1613 taeum
745 1559 955 1631 quarto
1002 1553 1252 1614 demum
1294 1559 1432 1613 ante
1473 1551 1765 1613 Christum
1797 1551 2056 1613 'saeculo
2098 1552 2324 1613 vixisse
2386 1553 2655 1613 constat}

490 1660 649 1722 conf.
691 1660 940 1720 Vossius
970 1659 1097 1721 lib.
1157 1660 1231 1720 ei.
1280 1677 1408 1740 cap.
1452 1659 1529 1722 X.
1613 1659 1888 1721 Attamen
1959 1660 2269 1751 Herbstius
2332 1673 2471 1738 pag.
2515 1656 2657 1718 ¹157.

485 1769 677 1831 errori
702 1766 781 1828 illi
806 1773 1232 1846 patrocinatur.
1277 1767 1345 1829 Is
1363 1784 1399 1829 o
1418 1774 1701 1829 cratem
1727 1766 2092 1848 Protagorae
2117 1768 2447 1829 auditorem
2472 1765 2656 1827 fuisse

486 1891 566 1935 ex
583 1874 849 1953 Dionysii
868 1873 1413 1936 Halicarnassensis
1430 1874 1650 1952 verbis,
1667 1892 1819 1954 quae
1833 1886 1968 1955 pag.
1991 1875 2125 1936 155.
2148 1873 2407 1935 exhibita
2426 1873 2655 1948 videas,

485 1980 638 2043 falso
668 1981 985 2061 collegisse
1015 1981 1250 2043 videtur
1270 1983 1484 2044 Suidas
1509 2000 1559 2045 s.
1585 2002 1643 2043 v.
1669 1977 2102 2061 Πρωταγόρας
2121 2005 2140 2044 ε
2176 1998 2370 2061 neque
2413 1979 2487 2041 ab
2532 1978 2653 2041 ullo
2743 1975 2748 1979 ’

486 2091 583 2167 qut
636 2089 713 2148 de
770 2090 1096 2170 Protagora
1154 2090 1435 2151 disseruit
1491 2090 1783 2173 scriptore
1852 2087 2056 2177 (conl.
2104 2086 2484 2149 Welc'kerus·
2517 2104 2654 2167 pag.

468 2196 626 2258 -572,
667 2203 728 2258 et
765 2214 819 2276 q.
863 2207 1066 2277 seqq.)
1112 2198 1472 2279 Protagoras
1512 2199 1573 2260 in
1616 2196 1767 2259 illius
1808 2197 2107 2277 magistris
2149 2202 2527 2257 memoratur.
2604 2193 2652 2255 E

480 2305 680 2381 Suida‚
723 2312 785 2365 ut
825 2307 1024 2366 omnia
1065 2305 1194 2366 fere
1243 2322 1405 2386 quae
1438 2306 1514 2367 ad
1540 2305 1924 2385 Protagoram
1948 2305 2399 2384 pertinent,hoc
2416 2320 2651 2384 quoque

483 2412 799 2492 descripsit
819 2412 1138 2475 scholiasta
1175 2413 1253 2474 ad
1279 2401 1537 2475 Platonis
1561 2412 1727 2493 Reip.
1771 2431 1906 2493 pag.
1937 2412 2078 2474 600.
2105 2412 2167 2474 C.
2217 2412 2256 2474 P
2278 2431 2310 2474 r
2329 2429 2365 2474 o
2392 2413 2650 2474 dicum

479 2521 539 2581 in
566 2520 931 2600 Protagorae
956 2519 1260 2600 discipulis
1292 2520 1481 2583 fuisse
1497 2521 1704 2582 Geelio
1733 2530 1898 2601 (pag.
1935 2522 2100 2597 122.)
2128 2519 2649 2600 persuasitSuidas

478 2645 528 2689 s.
559 2647 614 2691 v.
642 2626 965 2707 Πρόδικος
996 2635 1056 2689 et
1085 2646 1135 2694 s,
1168 2648 1223 2689 v.
1246 2626 1703 2714 Πρῳταγόρας.
1748 2629 1862 2701 Qui
1891 2647 2023 2690 cum
2052 2631 2155 2690 vix
2186 2628 2359 2691 aliam
2403 2634 2648 2690 secutus

477 2738 552 2800 sit
592 2714 1186 2817 auctoritatem³,‘nisi
1229 2739 1386 2818 quod
1430 2739 1493 2798 in
1540 2736 2081 2831 Platonis-dialogo
2121 2739 2489 2818 Protagorae
2534 2754 2647 2798 no..

477 2847 636 2909 mine
710 2845 1009 2925 inscripto
1067 2844 1349 2925 colloquii
1423 2844 1710 2907 Prodicus
1777 2847 2074 2926 particeps
2135 2844 2469 2923 inducitur,
2540 2862 2648 2906 as-

475 2956 705 3014 sentior
773 2953 1094 3033 Welckero'
1152 2970 1298 3033 pag.
1367 2952 1510 3017 637.
1587 2955 1666 3016 ita
1744 2954 2026 3015 iudicanti
2063 2977 2078 3019 ε
2156 2954 2317 3032 „Die
2381 2953 2643 3016 Anmer-
2717 3025 2725 3034 ,

471 3061 634 3141 kung
701 3044 871 3121 eines
936 3060 1403 3149 Grammatikers
1432 3107 1450 3137 ‚
1526 3061 1815 3122 Prodikus
1884 3062 1976 3122 sei
2035 3098 2116 3110 -
2200 3062 2308 3123 des
2381 3062 2638 3142 Gorgias

471 3169 591 3229 und
630 3168 1306 3261 ProtagorasSchuler,
1353 3202 1427 3214 -
1460 3163 1538 3229 is't
1575 3184 1651 3230 zu
1689 3169 1829 3229 dem
1871 3169 2114 3232 Schutte
2156 3187 2231 3231 zu
2278 3170 2638 3243 verweisen,

476 3277 586 3338 der
630 3272 760 3338 sicli
801 3286 895 3338 um
945 3274 1040 3361 die
1066 3277 1182 3339 alte
1203 3277 1869 3358 Litteraturgeschichte
1914 3279 2160 3359 gehaul't
2197 3279 2359 3358 hat.“
2416 3279 2639 3343 Suidae

472 3374 775 3479 =scrinium*
820 3372 1231 3467 expilaverunt
1292 3385 1560 3448 Budocia
1617 3386 1845 3448 Violar.
1906 3405 2042 3468 pag.
2088 3387 2229 3449 356.
2295 3389 2357 3448 in
2402 3388 2638 3449 Auecd.

442 3495 678 3556 ‘Graec
731 3494 826 3559 cd.
869 3484 1281 3568 Villoisjtom.
1331 3494 1390 3571 l,
1440 3501 1500 3556 et
1542 3495 1865 3556 scholiasta
1912 3500 2098 3575 quem
2131 3495 2312 3557 modo
2359 3496 2634 3557 diximuS.

484 3630 495 3637 ·
610 3603 889 3689 'Aliorum
931 3603 1173 3664 neieina
1219 3618 1340 3662 non
1387 3601 1711 3663 traduntur.
1804 3598 1881 3665 Οἱ
1924 3605 2243 3684 ἐπίτροποι
2293 3600 2404 3676 οὓς
2434 3607 2633 3680 Πρω-

403 3750 407 3759 «
468 3704 731 3788 ταγόρας
773 3710 1062 3770 κατέλιπε
1102 3715 1513 3770 memorantur
1554 3708 1695 3770 Plat.
1723 3708 1968 3771 Theaet.
2003 3725 2140 3790 pag.
2178 3707 2411 3771 164..E.
2484 3710 2636 3771 Pro-

469 3823 719 3894 tagorae
759 3814 973 3896 placita
1014 3814 1297 3897 magnum
1337 3816 1749 3877 excitaverunt
1792 3823 2127 3892 certameng
2172 3823 2367 3896 atque,
2394 3817 2452 3878 id
2476 3817 2638 3898 quod

466 3923 641 3983 facile
662 3923 1014 4003 intelligitur,
1036 3941 1115 3984 ex
1138 3925 1208 3997 iis
1229 3924 1595 4003 potissimum
1618 3922 2514 4001 defensores*nanciscebantur,
2534 3926 2636 4005 qui

466 4028 745 4093 Heracliti
787 4030 1131 4111 disciplinae
1150 4030 1551 4093 deditierartt.
1598 4031 1835 4092 Theaet.
1866 4050 2004 4112 pag.
2033 4031 2282 4094 179.D:
2330 4032 2533 4113 Μάχη
2576 4033 2636 4094 δ’

466 4129 580 4199 οὖν
621 4136 762 4221 περὶ
801 4138 993 4220 αὸτῆς
1043 4140 1134 4201 οὔ
1159 4136 1376 4223 φαύλη
1416 4139 1560 4200 οὐδ’
1598 4139 1826 4218 ὀλίγοις
1856 4141 2126 4219 γέγονε-νζ.
2213 4138 2408 4208 ΘΕΟ.
2445 4143 2634 4209 „Hol-

463 4245 576 4308 λοῦ
617 4247 724 4308 καί
756 4245 861 4306 δεῖ
895 4244 1108 4329 φαύλη
1156 4240 1339 4323 abac,
1382 4242 1545 4307 ἀλλὰ
1590 4246 1736 4325 περὶ
1773 4248 1889 4323 μὲν
1931 4240 2302 4329 raah-’malane
2345 4249 2454 4308 καί
2492 4247 2631 4309 ἐπι-

462 4342 693 4415 δι’δωάι.
720 4352 1038 4433 πάμπολυι
1086 4350 1181 4431 „ot
1210 4402 1217 4411 .
1247 4351 1383 4438 γάρ.
1414 4356 1523 4415 τοῦ
1559 4348 2256 4439 “Ηρακλει’τον.εὲτ”αῑροι
2293 4358 2636 4440 χορηγοῦσι
