2975 4959
46 511 53 744 ssss-——rss-q-—ss
48 475 49 504 ᾼᾼ
48 417 49 468 ᾼ
48 375 49 378 Α
48 331 49 336 Α

764 255 797 278 ο

1328 300 1408 315 ·-
1514 293 1622 331 Vll!
1725 299 1818 314 ⁵*-

864 385 884 415 Ι

493 484 647 528 sum
723 484 1102 556 aggressus.
1226 460 1396 530 Rem
1454 475 1679 530 totam
1724 461 1946 531 .enim
2014 458 2105 529 de
2174 459 2451 555 integro
2504 472 2653 529 tra-

494 598 692 651 ctans
766 596 1085 653 veterum
1165 583 1343 653 locis
1422 610 1645 679 quam
1711 582 2657 682 diligentissime·excussis

491 709 708 799 atque
777 706 1148 800 perpensis
1212 720 1284 775 et
1334 730 1531 776 meas
1582 707 1877 801 exposui
1924 706 2311 774 sententias
2355 720 2427 775 et
2476 706 2655 774 alio-

488 841 646 897 rum
676 827 898 898 falsas
950 842 1611 900 evertet-econatus
1661 854 1843 900 sum.
1950 827 2113 917 Qua
2168 828 2241 897 in
2293 853 2369 898 re
2423 841 2654 897 et-eo-

488 975 647 1019 rum
703 976 889 1045 quos
940 951 1166 1022 modo
1221 954 1617 1023 memoravi
1673 963 1743 1022 e't
1792 927 2095 1021 aliorum
2166 951 2292 1044 qui
2362 951 2435 1021 in
2497 951 2653 1046 ipsa

486 1074 1099 1144 commentatione
1165 1076 1309 1143 suis
1372 1074 1549 1144 {ocis
1594 1074 1780 1144 allati
1846 1087 2014 1144 sunt
2082 1073 2283 1144 libris
2333 1087 2651 1168 quanto-

447 1199 660 1291 'pere
726 1197 937 1266 etiam
991 1197 1121 1274 ubi
1174 1196 1544 1268 refellendi
1592 1197 1688 1267 ini
1743 1210 1978 1267 essent
2039 1195 2131 1266 ad
2187 1220 2433 1267 verum
2482 1220 2652 1291 per-

483 1319 933 1412 spiciendum
991 1320 1099 1389 via
1152 1320 1331 1389 mihi
1384 1321 1659 1391 munita
1705 1320 1797 1389 sit
1845 1319 1990 1389 hoc
2039 1319 2201 1389 ioco
2253 1331 2488 1389 tacere
2522 1342 2652 1397 ‚re-

482 1443 732 1537 ligioni
786 1443 1153 1512 haberem.
1271 1444 1613 1542 Maximas
1661 1468 1832 1513 vero
1883 1443 2142 1536 gratias
2194 1442 2430 1514 habeo
2484 1442 2653 1512 viris

485 1565 667 1656 iuis,
740 1589 1055 1658 quorum
1120 1559 1573 1635 institutione
1642 1565 1751 1635 vix
1819 1566 2211 1660 quicquam
2285 1577 2391 1634 est
2443 1563 2649 1659 quod

488 1692 835 1758 maiorem
903 1688 1083 1759 mihi
1135 1689 1281 1759 sive
1330 1690 1711 1759 utilitatem
1766 1690 2081 1760 attulerit
2130 1690 2276 1758 sive
2314 1688 2651 1783 volupta-

479 1828 666 1883 tem:
715 1812 1168 1882 Welckerum
1222 1812 1388 1883 dico
1425 1826 1497 1881 et
1521 1795 2007 1882 Bitscheiium.
2074 1810 2127 1881 Ii
2175 1811 2407 1892 ‘enim‚‘
2456 1836 2645 1906 quae

414 1953 422 1966 ‘
484 1950 589 2004 est
652 1937 972 2030 ipsorum
1040 1936 1452 2016 humanitas
1529 1936 1870 2005 omnibus
1949 1948 2372 2029 comperta,
2441 1935 2644 2010 libris

478 2084 759 2129 summa
849 2084 1010 2128 cum
1094 2057 1521 2129 iiberalitate
1604 2057 2077 2153 suppeditatis
2159 2059 2235 2130 in
2321 2059 2644 2144 conscri-

478 2182 725 2252 bendo
768 2181 924 2251 hdo
976 2171 1216 2252 libello
1290 2208 1506 2278 quam
1561 2183 1951 2278 plurimum
2004 2208 2123 2254 me
2190 2181 2639 2254 adiuverunt.

476 2307 714 2399 Atque
764 2304 1117 2373 Welckeri
1190 2307 1611 2375 auctoritate
1662 2317 1735 2373 et
1784 2306 2042 2375 eximia
2094 2330 2258 2402 erga
2326 2329 2446 2378 me
2511 2306 2643 2375 be-

478 2426 889 2497 nevolentia
949 2427 1164 2496 etiam
1217 2426 1480 2497 factum
1535 2440 1676 2519 est,
1738 2440 1820 2496 ut
1883 2428 2204 2498 libeilum
2270 2430 2346 2499 in
2401 2430 2637 2500 lucem
2726 2465 2742 2474 -

476 2549 690 2619 edere
741 2574 1053 2645 possem.

675 2671 1004 2746 Ceterum
1061 2674 1237 2768 quin
1268 2672 1580 2744 futurum
1626 2674 1719 2744 sit
1750 2687 1830 2744 ut
1856 2700 1990 2770 ego
2025 2699 2326 2770 quoque
2375 2699 2632 2770 parum

471 2797 905 2891 praestitisse
949 2796 1220 2890 videar,
1270 2822 1733 2893 nequaquam
1789 2798 2069 2869 dubito.
2138 2799 2214 2869 Si
2247 2801 2412 2896 quis
2463 2824 2633 2871 vero

474 2920 663 2989 hanc
686 2920 1376 2989 commentationem
1402 2920 1688 3014 dignam
1722 2936 2005 2993 censeat
2032 2948 2220 3017 quae
2238 2927 2635 3022 accuratius

472 3044 943 3134 examinetur,
995 3067 1156 3111 eum
1213 3056 1536 3138 rogatum
1585 3044 1823 3136 velim,
1873 3057 1952 3114 ut
2003 3046 2428 3140 opusculum
2482 3071 2633 3117 esse

459 3179 712 3238 teneat
761 3164 1165 3234 studiorum
1219 3190 1552 3235 meorum
1606 3167 1921 3260 primum
1991 3169 2360 3261 specimen
2431 3170 2631 3240 iuve-

471 3289 735 3359 nilibus
787 3289 998 3357 etiam
1057 3288 1325 3358 viribus
1375 3302 1783 3383 susceptum
1839 3302 2165 3360 nontam
2203 3291 2629 3386 perficiendi
2676 3360 2679 3363 ,

467 3435 594 3505 spe
648 3435 864 3504 quam
922 3408 1341 3505 experiundi
1395 3412 1786 3481 voluntate.
1857 3416 2155 3484 Prorsus
2198 3415 2391 3483 enim
2444 3414 2628 3483 mihi

467 3508 914 3625 satisfecerO‚
981 3535 1040 3601 si
1095 3558 1311 3627 quem
1377 3546 1448 3601 et
1498 3533 1786 3630 ingenio
1834 3547 1904 3604 et
1952 3534 2283 3606 doctrina
2335 3560 2452 3608 me
2503 3528 2626 3604 su-

464 3656 826 3750 periorem
877 3655 1383 3750 ‘temporisque
1435 3656 1775 3750 angustiis
1820 3658 2059 3727 minus
2088 3658 2483 3728 coercitum
2511 3658 2624 3727 his

463 3779 1014 3874 quaestionibus
1095 3778 1493 3856 excitavero
1565 3776 1680 3847 ad'
1728 3780 2191 3874 Protagoram
2265 3781 2465 3850 omni
2538 3805 2622 3851 ex

462 3915 665 3996 parte
704 3923 801 3970 ‘ea
853 3924 998 3995 qua
1042 3900 1297 3997 dignus
1350 3901 1655 3971 est‘luce
1701 3901 2223 3975 illustrandum.

601 4070 864 4165 Scripsi
912 4071 1200 4178 Bonuae
1237 4060 1569 4139 Kalendis
1593 4069 1861 4140 Martiis
1907 4072 2076 4140 anni
2119 4017 2613 4146 MDCCCXLV.

1244 4306 1580 4315 ⁴.--.--—.-..—-.—-.
1592 4307 1823 4318 --———-
