2975 4959
1183 301 1320 382 ···.
1389 267 1527 339 169
1629 305 1719 316 -

374 460 625 523 Socrate
693 456 754 517 in
795 455 994 539 Lyceo
1065 453 1517 535 colloquebatur
1559 457 1731 528 (Plat.
1777 453 2027 533 Euthyd.
2077 472 2214 536 pag.
2262 454 2403 515 271.
2449 456 2535 532 Α)

368 572 532 626 tanto
580 564 911 625 auditorum
953 547 1253 642 applausu,
1293 569 1357 623 ut
1396 580 1589 642 paene
1632 565 1807 628 etiam
1846 562 2027 642 Lycei
2072 562 2382 625 columnae
2420 581 2533 624 ac-

374 673 634 752 clamare
675 671 1022 732 viderentur
1064 682 1230 749 (pag.
1270 669 1410 731 3032
1439 669 1539 745 B).
1625 671 1821 750 Atque
1868 672 1948 732 ita
1988 669 2346 750 Protagoras
2378 687 2535 749 quo-

369 799 484 861 que
528 780 736 841 librum
781 776 927 857 περὶ
976 779 1173 839 θεῶν
1199 779 1261 839 ἰῐι
1303 778 1503 857 Lyceo
1565 780 1875 840 recitavit:
1935 795 2267 858 quanquam
2326 796 2532 857 parum

366 890 488 951 hoc
552 887 681 948 veri
747 885 938 948 simile
1008 885 1240 946 videtur
1312 885 1634 947 Welckero
1709 904 1845 966 pag.
1903 884 2045 953 640.
2120 892 2324 948 annot.
2390 886 2531 948 325.

372 996 654 1077 Gorgiam
699 993 761 1055 in
789 993 1035 1054 theatro
1079 993 1376 1072 prodiisse
1422 998 1625 1056 narrat
1664 993 1931 1055 Philostr.
1971 1012 2107 1075 pag.
2137 995 2282 1056 482.

537 1101 903 1182 Protagorae
949 1099 1207 1162 docendi
1247 1101 1430 1178 ratio,
1490 1119 1644 1181 quae
1688 1107 1750 1163 et
1793 1119 1825 1162 a
1872 1100 2233 1174 Quintiliano
2281 1101 2411 1176 (lib.
2453 1101 2531 1164 X.

286 1240 295 1247 ·
379 1225 509 1290 cap.
555 1209 630 1271 V.
676 1218 731 1284 §.
780 1210 906 1285 10.)
946 1215 1007 1270 et
1047 1226 1081 1269 a
1129 1208 1421 1271 Cicerone
1464 1208 1678 1289 (Epist.
1717 1209 1791 1270 ad
1830 1210 1949 1275 Att.
1991 1206 2090 1271 lib.
2133 1208 2234 1270 lX.
2280 1210 2373 1287 4.)
2401 1224 2537 1270 ma*-

370 1334 639 1399 gnopere
659 1315 953 1394 laudatur,
998 1317 1265 1396 quamvis
1286 1334 1406 1377 non
1436 1316 1513 1377 ad
1544 1317 1712 1396 leges
1753 1323 1873 1378 tam
1919 1322 2113 1378 certas
2160 1315 2533 1379 conformata

370 1426 737 1506 fuerit‘quam
759 1415 1337 1505 Coracis‘Tisiaeque
1360 1424 1682 1502 rhetorica,
1706 1432 1900 1486 tamen
1922 1425 2075 1486 iusta
2098 1431 2227 1486 arte
2254 1442 2376 1486 non
2400 1431 2531 1487 erat

378 1533 694 1595 destituta:
760 1534 890 1612 ipse
960 1533 1118 1594 enim
1179 1533 1383 1595 dicere
1446 1532 1720 1610 solebat,
1781 1532 1926 1593 nihil
1981 1549 2120 1594 esse
2173 1549 2367 1613 neque
2426 1550 2534 1595 ar-

369 1646 488 1702 tem
530 1641 661 1702 sine
703 1640 1131 1701 exercitatione
1191 1644 1386 1719 neque
1449 1639 1940 1701 exercitationem
2000 1640 2131 1701 sine
2174 1646 2346 1701 arte:
2403 1640 2523 1703 vid.

367 1749 534 1812 Stob.
598 1748 672 1809 de
729 1747 969 1810 Assidu.
1037 1748 1226 1812 Serm.
1272 1746 1489 1809 XXIX.
1545 1762 1681 1829 pag.
1730 1747 1871 1811 206.
1940 1748 2035 1809 ed.
2098 1748 2300 1809 Aurel.
2359 1747 2533 1811 Allo-

367 1856 543 1937 hrog.
593 1854 790 1918 1609:
856 1850 1294 1936 Πρωταγόρας
1355 1852 1568 1933 ἔλεγε,
1628 1856 1827 1936 μηδὲν
1882 1848 2039 1916 εἶναι
2096 1851 2256 1935 μήτε
2312 1858 2538 1936 τέχνην

367 1955 520 2024 ἄνευ
576 1964 836 2042 μελέτης
890 1956 1050 2041 μήτε
1107 1964 1367 2041 μελέτην
1423 1952 1576 2022 ἄνευ
1634 1963 1887 2043 τέχνης,
1950 1979 2122 2041 quam
2178 1964 2532 2025 sententiam

306 2090 309 2095 ·
369 2068 595 2130 eisdem
658 2069 859 2136 verbis
921 2067 1285 2148 Protagorae
1345 2067 1548 2129 tribuit
1601 2068 1658 2131 S.
1704 2067 1992 2129 Maximus
2056 2067 2152 2130 ed.
2218 2068 2530 2131 CombefiS.

366 2184 508 2240 tom.
550 2177 619 2238 11.
678 2195 814 2257 pag.
862 2176 1006 2240 587.
1086 2177 1278 2256 Atque
1335 2175 1475 2255 quid
1532 2176 1734 2237 verius
1798 2175 2029 2238 hocce:
2099 2166 2366 2250 Φύσεως
2425 2177 2536 2238 και·

370 2282 692 2364 α’σκήσεως
733 2286 1109 2346 διδασκαλία
1153 2285 1392 2345 δεῖται·
1476 2280 1586 2344 καί
1629 2280 1752 2344 ἀπὸ
1799 2278 2083 2366 νεότητος
2142 2284 2212 2346 δὲ
2256 2283 2533 2364 ἄρξαμέ-

370 2413 512 2465 νους
556 2392 688 2452 δεῖν
724 2390 1076 2469 μαιθάνειν
1116 2392 1250 2454 —-‘?
1310 2390 1470 2471 quod
1532 2392 1601 2453 ἐν
1644 2391 1730 2476 τῷ
1766 2387 2015 2474 μεγάλῳ
2079 2384 2236 2477 λόγῳ
2321 2390 2536 2454 Prota-

369 2516 578 2581 goram
623 2500 938 2578 scripsisse
996 2506 1089 2561 est
1141 2501 1204 2561 in
1248 2499 1509 2563 Cramer.
1552 2498 1848 2561 Anecdot.
1890 2498 2074 2560 PariS.
2119 2504 2259 2560 tom.
2289 2498 2343 2565 l.
2387 2516 2530 2579 pag.

377 2605 516 2671 171.
598 2607 905 2669 Nitebatur
940 2608 1079 2669 ‘eius
1128 2607 1435 2687 disciplina
1481 2612 1544 2668 et
1586 2607 1829 2687 ingenio
1872 2613 1935 2669 et
1961 2605 2226 2669 moribus
2259 2605 2531 2668 eximiis:

370 2731 505 2776 nam
544 2712 827 2776 sordidae
853 2717 1159 2795 avaritiae,
1205 2716 1402 2777 inanis
1443 2713 1629 2776 fastus
1669 2720 1731 2776 et
1772 2713 2088 2794 superbiae
2130 2713 2359 2797 nullum
2389 2731 2533 2775 cer-

370 2830 489 2890 tum
552 2829 796 2904 apparet
858 2825 1192 2904 vestigium.
1300 2824 1375 2886 Ut
1436 2825 1694 2886 sortasse
1754 2822 2046 2886 interdum
2115 2823 2366 2903 aliquem
2438 2823 2533 2886 sui

370 2948 635 2992 amorem
701 2931 1214 2993 manifestaverit:
1285 2948 1461 2993 nemo
1528 2930 1590 2992 id
1660 2931 1945 3010 magistro
2016 2932 2194 2993 tantis
2259 2931 2531 2992 laudibus

375 3040 707 3118 cumulato,
766 3040 840 3101 ab
906 3040 1235 3102 auditorum
1280 3040 1506 3121 ingenti
1547 3039 1915 3101 multitudine
1957 3039 2053 3118 pie
2098 3038 2253 3101 culto
2300 3039 2534 3101 crimini

370 3155 599 3210 vertat:
633 3156 845 3229 quotus
868 3150 1022 3210 enim
1047 3150 1292 3230 quisque
1316 3149 1516 3211 talium
1536 3147 1935 3228 virorum-hoc
1953 3148 2095 3209 vitio
2114 3149 2330 3210 vacat?
2358 3148 2533 3222 Quod

370 3273 519 3317 vero
545 3255 619 3317 ab
636 3255 927 3335 Eupolide
955 3258 1015 3318 in
1041 3256 1348 3319 Κολάκων
1395 3256 1584 3318 choro
1617 3256 1678 3317 in
1711 3272 1954 3317 scenam
1993 3252 2270 3317 inductus
2315 3261 2425 3334 est,
2470 3255 2534 3318 id

370 3363 607 3442 quidem
664 3362 813 3424 nihil
868 3378 984 3443 ego
1029 3381 1252 3425 moror.
1334 3363 1479 3425 Nam
1523 3362 1683 3445 quod
1722 3362 2055 3424 Meinekius
2096 3363 2329 3443 Fragm.
2376 3380 2556 3425 com..

371 3473 584 3534 Graec.
629 3471 749 3532 vol.
790 3470 832 3532 Ι.
892 3489 1029 3551 pag.
1087 3472 1224 3534 136.
1270 3477 1510 3551 praeter
1550 3472 1823 3548 Calliam,
1867 3477 2141 3551 quantum
2186 3488 2221 3532 e
2264 3470 2532 3550 reliquiis

371 3578 610 3641 fabulae
651 3579 1029 3660 intelligatur,
1075 3581 1336 3642 omnium
1373 3582 1630 3642 maxime
1674 3580 2057 3661 Protagoram
2108 3592 2247 3641 esse
2289 3580 2363 3640 ab
2405 3578 2534 3640 Eu..

370 3687 571 3767 polide
609 3688 1004 3768 perstrictum,
1048 3686 1110 3748 id
1151 3706 1228 3750 ne
1271 3706 1477 3750 verum
1506 3688 1742 3770 quidem
1783 3696 1890 3750 est.
1946 3687 2237 3750 Plutarch.
2259 3688 2532 3768 Sympos.

367 3794 469 3858 lib.
513 3794 628 3856 vn.
671 3802 812 3857 tom.
837 3794 906 3855 ΙΙ.
952 3813 1087 3875 pag.
1132 3793 1272 3857 699.
1315 3796 1372 3857 A
1411 3803 1471 3857 et
1510 3795 1727 3858 Athen.
1769 3794 1873 3857 lib.
1914 3795 1958 3856 1.
2005 3812 2143 3875 pag.
2184 3796 2283 3857 22.
2328 3796 2372 3857 F
2411 3796 2527 3858 hac

369 3903 432 3963 in
475 3902 671 3965 fabula
713 3903 1069 3984 Protagoras
1093 3903 1333 3965 Calliam
1379 3903 1455 3966 ad
1502 3902 1823 3965 bibendum
1855 3904 2110 3965 incitans
2151 3909 2533 3982 memoratur,

369 4011 475 4072 ἵνα
535 4007 653 4091 πρὸ
705 4012 822 4072 τοῦ
879 4007 1063 4083 κυνὸς
1118 4008 1231 4073 τὸν
1290 4009 1582 4090 πνεύμον’
1637 4007 1888 4074 ἔκλυτον
1939 4013 2122 4095 φορῇ.
2223 4012 2531 4092 Diogenes

372 4117 474 4178 lib.
520 4116 619 4178 IX.
664 4129 723 4196 §.
767 4119 865 4180 50.
913 4118 1223 4199 Eupolidis,
1258 4136 1438 4181 versu
1467 4110 1719 4180 Ἔνδοθι
1756 4120 1874 4196 μέν
1918 4119 2045 4181 ἐστι
2091 4114 2531 4200 Πρωταγόρας

374 4220 406 4283 ὅ
459 4224 644 4305 Τήϊος
700 4227 1085 4307 Protagoram
1149 4228 1334 4289 fuisse
1394 4227 1493 4306 qui
1553 4226 1755 4288 Teium
1816 4225 2087 4289 dicerent
2146 4222 2528 4289 demonstrat.
2596 4204 2602 4210 ’

374 4329 586 4397 Athen.
629 4333 729 4396 lib.
773 4333 839 4397 V.
882 4351 1019 4415 pag.
1060 4335 1199 4397 218.
1242 4335 1289 4397 C
1348 4316 1606 4415 denique
1665 4334 1907 4398 nonnisi
1950 4333 2053 4400 τὸν
2094 4329 2529 4416 Πρωταγόραν
