2975 4959
1209 226 1502 325 -25
1606 288 1698 305 ..-

367 436 756 518 ὀλυμπιάδι,
817 441 1181 522 τεθνηκέναι
1243 441 1313 503 δὲ
1373 442 1460 524 ‘reb'
1504 437 1726 546 πρώτῳ
1770 434 1893 503 ἔτει
1940 439 2053 521 τῆς
2091 434 2554 522 ἑβδομηκοστῆς

369 546 620 628 ὀγδόης.
707 545 1061 627 Apollodori
1105 548 1257 610 ratio
1300 549 1358 610 ei
1415 566 1569 630 quae
1626 549 1792 628 prlor
1848 546 2023 609 allata
2062 553 2156 609 est
2199 565 2234 608 a
2276 548 2552 629 Diogene

361 659 676 736 repugnat.
760 653 908 716 Nam
956 654 1056 735 qui
1102 656 1442 736 olympiade
1507 655 1948 737 septuagesima
2007 660 2184 717 natus
2224 660 2553 737 septuage-

365 762 517 824 sima
573 768 791 824 octava
835 765 1131 842 moritur,
1192 781 1316 827 non
1372 780 1482 845 per
1536 781 1729 826 annos
1786 765 2159 845 septuaginta
2218 763 2375 841 duo,
2440 762 2554 825 sed

342 872 621 953 ‚triginta
668 871 785 932 duo
828 874 1052 931 tantum
1095 870 1275 930 vitam
1314 869 1499 949 degit.
1579 868 1788 930 Falsus
1833 885 1983 949 ergo
2015 875 2110 930 est
2141 874 2240 930 aut
2270 867 2554 930 alteruter

371 977 727 1059 Apollodori
753 994 1157 1056 numerorum,
1201 983 1300 1039 aut
1320 977 1720 1057 Anaxagoras
1746 978 1986 1059 triginta
2012 976 2131 1038 duo
2169 982 2393 1038 tantum
2437 994 2553 1038 an-

362 1101 479 1147 nos
517 1084 779 1147 vivendo
823 1086 1100 1164 explevit.
1183 1084 1486 1146 Posterius
1537 1085 1657 1146 hoc
1701 1083 1803 1146 vix
1843 1083 2085 1164 probari
2129 1086 2368 1162 poterit.
2452 1081 2550 1144 lu·

264 1259 267 1262 ,
371 1193 544 1255 venis
596 1194 808 1274 viginti
874 1209 1163 1254 annorum
1209 1192 1462 1255 Athenis
1517 1190 1923 1273 philosophari
1986 1192 2284 1271 incepisse
2348 1189 2549 1271 ibique

365 1318 472 1382 per
516 1301 755 1382 triginta
799 1318 993 1362 annos
1039 1301 1266 1362 vixisse
1314 1301 1531 1362 dicitur
1573 1300 1728 1381 apud
1759 1301 2095 1382 Diogenem
2138 1298 2237 1360 lib.
2265 1298 2337 1365 11.
2379 1310 2439 1378 §.
2468 1299 2546 1361 7:

354 1401 634 1488 Ἠρξατο
681 1409 753 1470 δὲ
797 1414 1173 1491 φιλοσοφεῖν
1215 1404 1570 1492 Ἀθήνῃσιν
1627 1409 1737 1471 ἐπὶ
1775 1391 2063 1471 Καλλίου
2120 1407 2273 1469 ἐτῶν
2318 1402 2550 1468 εἴκοσιν

370 1508 500 1594 ὧν,
566 1509 650 1588 α’)’ς
686 1539 851 1598 ,φησι
895 1515 1262 1597 Δημήτριος
1299 1514 1330 1576 ὅ
1380 1512 1717 1598 Φαληρεύς
1778 1512 1846 1578 ἐν
1900 1513 1975 1601 τῇ
2034 1515 2162 1579 τῶν
2224 1511 2549 1596 α’ρχόντων

365 1622 725 1708 α’ναγραφῇ·
811 1618 968 1684 ἔνθα
1008 1623 1125 1709 καί
1160 1645 1357 1705 φασιν
1402 1618 1592 1683 αὐτὸν
1634 1625 1793 1685 ὲτῶν
1830 1623 2167 1705 διατρῖψαι
2192 1618 2545 1703 τριάκοντα.

361 1730 417 1793 Α
455 1729 771 1794 Plutarcho
840 1747 1032 1791 senex
1077 1736 1442 1793 memoratur
1486 1730 1694 1793 Pericl.
1742 1749 1877 1812 cap.
1928 1731 2089 1794 XVl:
2157 1733 2298 1794 Kal
2331 1721 2543 1809 μέντοι

360 1860 432 1920 γε
457 1836 568 1902 τόν
584 1831 1025 1921 Ἀναξαγόραν
1067 1834 1260 1902 αὐτὸν
1302 1840 1589 1920 λέγουσιν
1633 1832 2107 1930 ἀσχολουμένου
2149 1842 2544 1920 Περικλέους

365 1943 788 2025 ἀμελούμενον
848 1948 1101 2009 κεῖσθαι
1159 1950 1752 2027 συγκεκαλυμμένον
1797 1938 1915 2030 ἤδη
1957 1943 2222 2030 γηραιὸν
2264 1944 2542 2026 ἀποκαρ-

373 2053 698 2134 τεροῦντα.
783 2054 915 2115 vid.
961 2055 1139 2116 etiam
1181 2054 1395 2118 Suidas
1440 2071 1490 2116 s.
1534 2073 1598 2116 v.
1636 2053 2107 2136 Ἀναξαγόρας·
2150 2049 2432 2135 Ἐξῆγαγε
2475 2051 2548 2113 δὲ

370 2163 490 2223 τοῦ
531 2160 644 2241 ζῆν
698 2156 925 2242 ἑαυτὸν
970 2164 1161 2225 ἐτέων
1219 2157 1663 2244 ἑβδομήκοντα.
1750 2161 2139 2226 statuendum
2183 2161 2364 2242 igitur
2417 2160 2551 2237 erit,

361 2275 463 2334 aut
501 2271 764 2349 priorem
786 2266 1139 2349 Apollodori
1184 2284 1491 2329 numerum
1535 2262 1966 2351 ἑβδομηκοστῇ
2006 2273 2107 2327 aut
2143 2265 2542 2347 posteriorem

364 2371 829 2458 ἑβδομηκοστῆς
892 2372 1117 2459 ὀγδόης
1175 2376 1394 2438 mendo
1439 2394 1580 2438 esse
1640 2376 1935 2442 affectum.
2020 2376 2285 2438 Priorem
2327 2391 2544 2436 corru-
2655 2412 2660 2416 -

363 2489 524 2563 ptum
568 2485 795 2564 putavit
827 2484 1088 2563 Geeliu8‚
1131 2484 1400 2566 quamvis
1445 2485 1577 2546 sine
1620 2483 1736 2546 ulla
1774 2485 1929 2546 iusta
1973 2501 2177 2574 causa2
2218 2500 2349 2546 cum
2390 2483 2543 2563 ipse,

363 2609 678 2673 perperam
703 2593 962 2672 quidem,
981 2593 1353 2676 γεγενῆσθαι
1380 2592 1803 2673 interpretatus
1823 2594 1900 2656 sit
1915 2592 2166 2655 vixisse.
2207 2593 2356 2655 Nam
2375 2593 2540 2655 Ana-

362 2718 649 2783 xagoraS,
694 2702 746 2762 si
788 2700 1142 2782 olympiadis
1180 2703 1659 2784 septuagesimae
1700 2708 1952 2764 octavae
1977 2719 2135 2763 anno
2160 2702 2373 2783 primo,
2402 2707 2539 2763 ante

360 2809 498 2871 Chr.
546 2815 666 2871 nat.
714 2808 839 2871 468
872 2854 890 2887 ,
927 2817 1193 2872 mortuus
1242 2815 1371 2888 est,
1409 2809 1473 2871 id
1515 2810 1674 2889 quod
1723 2809 1930 2873 Geelio
1973 2810 2379 2891 probaverunt
2422 2809 2538 2872 viri

359 2915 554 2998 docti,
613 2915 793 2996 idque
850 2934 1010 2979 anno
1056 2919 1267 2979 aetatis
1309 2918 1501 2979 altero
1545 2924 1606 2979 et
1647 2919 2131 2999 septuagesimo,
2190 2936 2299 2981 cur
2339 2918 2536 2999 olym-

359 3024 539 3106 piade
582 3027 1022 3106 septuagesima
1066 3025 1196 3088 sive
1239 3026 1403 3088 circa
1447 3044 1666 3088 annum
1708 3027 1850 3089 500.
1896 3029 2103 3089 vivere
2143 3045 2266 3091 non
2307 3026 2536 3109 potuit?

355 3132 543 3194 Immo
590 3134 805 3195 vixerit
847 3151 1105 3197 necesse
1151 3141 1264 3198 est.
1347 3135 1557 3215 Neque
1596 3153 1748 3199 unus
1794 3153 1872 3198 ex
1911 3136 2057 3199 viris
2100 3136 2331 3215 doctiS‚
2377 3154 2531 3218 quos

355 3241 598 3304 Geelius
638 3247 883 3305 secutus
926 3248 1041 3321 est,
1087 3244 1251 3305 circa
1293 3246 1795 3326 septuagesimam
1840 3244 2234 3326 olympiadem
2277 3246 2533 3307 Anaxa-

349 3367 563 3432 goram
609 3351 832 3414 vixisse
876 3353 1156 3433 negavit,
1217 3369 1414 3431 neque
1470 3359 1567 3415 est
1608 3355 1849 3416 omnino
1899 3371 2007 3415 cur
2056 3360 2313 3435 negetur
2370 3352 2532 3432 quod

343 3478 524 3523 nemo
572 3461 975 3524 affirmaverit.
1058 3460 1493 3542 Apollodorus·
1524 3463 1683 3524 enim
1726 3480 1848 3525 non
1893 3462 2128 3523 vinxisse
2168 3462 2279 3524 sed
2321 3466 2531 3523 natum

349 3587 485 3632 esse
549 3569 692 3632 dicit
753 3571 1182 3653 Anaxagoram
1243 3571 1581 3652 olympiade
1643 3573 2121 3654 septuagesima,
2180 3570 2363 3652 idque
2416 3569 2530 3634 fuit

350 3678 451 3759 qui
494 3677 706 3746 falsum
752 3684 1005 3759 putaret.

521 3786 799 3849 Ceterum
861 3805 996 3849 cum
1038 3785 1280 3850 Geelius
1303 3832 1323 3866 ,
1385 3804 1493 3850 cur
1534 3785 1886 3868 Apollodori
1945 3786 2207 3868 priorem
2267 3785 2531 3849 mendo-

351 3910 501 3973 sum,
533 3895 780 3958 alterum
807 3915 1014 3960 verum
1055 3897 1219 3961 dicat
1261 3915 1591 3979 numerum,
1634 3898 1901 3959 rationes
1946 3896 2219 3978 proprias
2259 3895 2531 3977 proferat

338 4001 557 4078 nullae,
599 4004 770 4084 ipsae
810 4006 1074 4067 virorum
1119 4005 1433 4069 doctorum
1478 4006 1840 4083 sententiae,
1879 4005 1959 4068 ad
2002 4021 2151 4086 quas
2201 4003 2526 4134 delegasse

338 4110 488 4174 satis
531 4111 730 4194 habet,
774 4114 894 4176 iam
935 4113 1114 4177 nobis
1159 4114 1551 4178 illustrandae
1592 4120 1748 4177 sunt.

508 4220 564 4282 A
610 4219 816 4284 Geelio
862 4224 924 4285 in
991 4224 1393 4287 testimonium
1464 4229 1759 4286 vocantur
1800 4223 2095 4306 Diogenis
2154 4224 2531 4284 commenta-

362 4330 564 4407 toreS‚
626 4328 843 4410 quique
887 4329 1202 4396 laudantur
1241 4331 1316 4394 ab
1361 4303 1638 4396 Har-lesio
1678 4331 1757 4395 ad
1796 4330 2051 4395 Fabricii
2092 4326 2525 4393 Bibliothecam
