2975 4959
1229 253 1769 327 -172—

427 437 584 501 Prot.
642 453 782 519 pag.
826 436 979 523 315.
1013 437 1089 511 A.
1193 436 1366 499 Conf.
1422 424 1710 501 'Themist
1772 436 1938 501 Orat.
1983 434 2196 502 XXIX.
2260 450 2396 518 pag.
2446 435 2595 499 347.

323 570 327 585 ’
423 552 514 624 (p.
554 541 697 607 419.
739 543 974 621 Dind.).

591 651 961 733 Archago
982 666 1109 713 ras
1166 651 1459 714 Theodoti
1509 634 1693 728 filius,
1756 651 1854 732 qui
1908 650 2272 731 Protagorae
2326 650 2404 711 de
2462 649 2597 710 deis

421 759 637 822 librum
680 760 740 822 in
768 759 968 840 Lyceo
1017 762 1310 823 recitasse
1356 779 1390 823 a
1417 759 1720 823 nonnullis
1757 760 2001 821 dicitur:
2049 758 2170 821 vid.
2193 759 2370 840 Diog.
2398 758 2595 820 Laert.

424 867 528 933 lib.
567 868 673 930 lX.
718 877 774 945 §.
821 868 920 930 54.
967 878 1135 950 (pag.
1180 869 1316 945 75.)
1617 861 1621 863 ⁴

588 975 888 1039 Callias
930 976 1240 1057 Hipponici
1282 977 1471 1055 titius,
1533 993 1707 1056 quem
1757 976 1817 1038 in
1864 974 2237 1055 excipiendis
2283 972 2593 1036 colendis-

425 1100 542 1163 que
583 1083 865 1164 sophistis
909 1085 1230 1146 immensas
1276 1084 1680 1146 consumsisse
1721 1082 1959 1145 divitias
2002 1088 2265 1144 constat:
2310 1080 2430 1143 vid.
2453 1080 2592 1144 Plat.

418 1189 578 1251 Prot.
603 1208 739 1272 pag.
758 1189 899 1252 314.
920 1191 992 1267 D,
1035 1191 1176 1252 315.
1207 1189 1297 1268 D,·
1323 1189 1498 1270 Apol.
1546 1190 1720 1252 Socr.
1761 1207 1899 1270 pag.
1936 1189 2035 1252 20.
2080 1189 2155 1266 A,
2196 1187 2409 1268 Cratyl.
2455 1205 2595 1268 pag.

418 1297 563 1360 391.
599 1298 683 1375 C;
727 1298 936 1378 Lysias
960 1298 1034 1360 de
1059 1297 1200 1360 bon.
1228 1297 1529 1378 Aristoph.
1554 1315 1688 1379 pag.
1711 1298 1853 1375 649,
1898 1295 2177 1359 Themist.
2204 1296 2369 1358 Orat.
2386 1293 2594 1358 XXIII.

424 1422 563 1486 pag.
610 1405 748 1468 294.
816 1408 988 1482 (355.
1035 1406 1244 1483 Dind.)
1306 1412 1369 1468 et
1422 1405 1527 1468 Or.
1567 1404 1783 1466 XXIX.
1845 1422 1980 1485 pag.
2022 1404 2163 1467 347.
2223 1404 2399 1481 (419.
2441 1404 2592 1480 9.),

433 1513 653 1575 Athen.
676 1512 776 1576 lib.
800 1512 926 1575 xlt.
952 1531 1088 1593 pag.
1114 1513 1255 1575 537.
1275 1513 1318 1573 B
1341 1512 1403 1592 C,
1426 1511 1715 1573 Boeckhii
1734 1510 2141 1576 Staatshaush.
2165 1512 2273 1574 der
2290 1511 2427 1574 Ath.
2451 1517 2592 1572 tom.

429 1619 683 1701 11.‘pag.
733 1622 829 1681 15.
915 1621 1267 1700 Copiosiore
1311 1620 1386 1681 de
1429 1620 1611 1682 Callia
1678 1620 2055 1700 expositione
2098 1626 2162 1682 ut
2199 1613 2597 1701 supersedere

429 1728 656 1808 possim
721 1725 924 1788 effecit
992 1726 1323 1789 Meinekius
1386 1727 1620 1808 Fragm.
1681 1728 1844 1789 Com.
1910 1727 2123 1790 Graec.
2185 1726 2302 1788 vol.
2351 1726 2395 1788 1.
2459 1743 2596 1807 pag.

431 1835 571 1897 131.
626 1841 687 1896 et
723 1854 780 1916 q.
817 1819 984 1916 seqq.
1032 1834 1338 1915 Eupolidis
1354 1836 1808 1898 Assentatorum
1834 1834 2205 1916 fraginentiS,
2239 1849 2351 1915 qua
2377 1834 2596 1896 Calliae

426 1957 560 2005 cum
585 1941 865 2023 sophistis
894 1940 1137 2003 vivendi
1156 1944 1308 2004 ratio
1331 1943 1652 2020 ridebatur,
1669 1943 2028 2024 Protagoras
2048 1949 2410 2004 memoratur
2428 1959 2602 2003 com-

422 2050 672 2131 pluries:
696 2050 816 2113 vid.
835 2067 973 2132 pag.
1000 2049 1135 2116 169.
1164 2050 1228 2111 ln
1251 2051 1453 2130 primis
1470 2051 1832 2131 Protagorae
1851 2049 2218 2112 auditoribus
2244 2056 2596 2112 recensetur

427 2161 566 2223 Plat.
588 2159 742 2222 Prot.
765 2177 901 2240 pag.
919 2159 1061 2222 314.
1085 2159 1130 2220 Ε
1151 2179 1169 2236 ;
1192 2162 1348 2221 conf.
1370 2159 1531 2221 Crat.
1549 2176 1684 2239 pag.
1706 2158 1851 2222 391.
1869 2159 1935 2235 Β,
1965 2158 2236 2239 Xenoph.
2254 2146 2593 2239 Symp.cap.

423 2267 474 2331 1.
499 2274 552 2343 §.
575 2269 635 2330 5.
674 2267 1026 2339 Theodorus
1065 2266 1308 2329 Theaet.
1351 2284 1493 2346 pag.
1527 2264 1726 2329 164.Ε
1768 2273 1831 2327 ut
1871 2283 1992 2328 non
2038 2268 2166 2347 ipse
2210 2266 2602 2328 constituatur

439 2375 790 2456 Protagorei
833 2375 1035 2455 placiti
1075 2380 1483 2454 propugnator
1525 2373 1756 2451 suadet,
1798 2373 1906 2435 sed
1939 2373 2175 2451 CalliaS,
2216 2376 2315 2453 qui
2352 2374 2430 2435 sit
2473 2375 2600 2435 τῶν

431 2482 672 2545 ἐκείνου
713 2477 1064 2562 ἐπίτροπος.
1107 2517 1188 2529 -
1236 2481 1591 2543 Mendaeum
1638 2482 1889 2561 appellat
1913 2480 2221 2554 Herbstius
2261 2498 2403 2561 pag.
2455 2475 2596 2542 157.

432 2589 1031 2670 Antimoeripatriam
1055 2588 1412 2651 Atheniensi
1431 2589 1823 2652 Melitensium
1841 2606 2000 2670 pago
2019 2591 2281 2679 ascripto
2312 2588 2599 2651 tribuens,

602 2695 1068 2760 Charmides
1114 2697 1437 2760 Glauconis
1479 2697 1670 2760 filius:
1714 2697 1871 2762 Prot.
1914 2715 2052 2778 pag.
2079 2696 2221 2761 315.
2262 2697 2338 2759 Α.
2423 2695 2599 2758 Ado-
2711 2721 2716 2726 ·

429 2804 672 2867 lescens
715 2813 846 2868 erat
888 2804 1049 2868 omni
1092 2823 1170 2867 ex
1209 2812 1378 2886 parte
1423 2807 1709 2868 eximius:
1754 2806 1877 2868 vid.
1902 2806 2122 2868 Groen.
2165 2823 2223 2867 ν.
2252 2803 2604 2868 Priustereri

426 2912 905 2996 Prosopograph.
944 2914 1173 2976 Platon.
1221 2932 1357 2996 pag.
1408 2912 1547 2977 213.
1595 2921 1656 2975 et
1698 2932 1756 2994 q.
1796 2930 1925 2992 seq.

590 3022 1006 3084 Euathlum
1050 3022 1414 3103 Protagorae
1454 3028 1643 3082 artem
1678 3021 1887 3083 decem
1925 3020 2178 3083 millibus
2222 3020 2602 3083 denariorum

441 3128 559 3191 sibi
618 3135 884 3209 paratam
946 3127 1212 3189 edidisse
1260 3133 1478 3188 »narrat
1524 3128 1761 3200 Quint-it.
1815 3127 1913 3208 nb.
1953 3128 2052 3189 111.
2113 3107 2242 3208 bap.
2285 3129 2329 3190 1.
2399 3141 2456 3207 §—
2505 3128 2601 3190 10.

289 3293 292 3296 ,
432 3236 576 3304 Cum
599 3236 925 3318 Protagora
968 3234 1045 3297 de
1094 3234 1432 3298 scholarum
1477 3235 1760 3315 mercede
1802 3235 2067 3317 litigasse
2112 3236 2323 3299 dicitur
2357 3218 2606 3298 aGellio
2685 3233 2692 3238 '

426 3344 602 3409 Noni.
647 3346 766 3408 Att.
814 3345 914 3407 lib.
967 3344 1038 3407 v.
1107 3362 1236 3424 cap.
1288 3344 1398 3421 ιο,
1465 3344 1717 3425 Apuleio
1774 3343 1929 3406 Flor.
1989 3343 2090 3405 nb.
2137 3343 2231 3405 1v.
2279 3362 2434 3412 num.
2490 3324 2606 3422 is,

427 3453 702 3535 Diogene
744 3453 845 3515 lib.
882 3453 982 3515 IX.
1028 3460 1085 3529 ς.
1129 3453 1245 3530 56,
1315 3452 1541 3514 Ioanne
1598 3452 1891 3517 Sarisber.
1946 3451 2154 3513 Polior.
2198 3451 2298 3513 lib.
2344 3452 2409 3513 V.
2472 3470 2604 3532 cap.

439 3562 537 3623 12.
625 3562 753 3634 Qua
799 3561 875 3622 de
920 3577 1104 3622 causa
1150 3565 1278 3621 utut
1318 3559 1691 3623 statuendum
1735 3565 1828 3622 est
1865 3558 2035 3635 (vide
2073 3576 2210 3638 pag.
2259 3556 2394 3629 145.
2437 3565 2498 3621 et
2543 3577 2604 3639 q.

432 3677 638 3747 seqq.)
665 3715 685 3745 ‚
746 3668 962 3747 aliquid
1012 3673 1176 3728 certe
1238 3667 1549 3729 simultatis
1590 3667 1646 3728 31
1692 3686 1821 3730 cum
1865 3667 2150 3747 magistro
2199 3671 2390 3745 ortum
2431 3666 2610 3727 vide-

434 3783 564 3839 tur:
623 3793 757 3838 nam
816 3776 1053 3837 Laertio
1122 3780 1366 3856 auctore
1408 3760 1655 3837 lib.‘1X.
1709 3781 1764 3850 §.
1806 3774 1904 3838 54.
1954 3774 2107 3850 (vid.
2149 3791 2282 3855 pag.
2328 3775 2461 3852 75.)
2531 3774 2607 3836 31)

430 3882 757 3948 Aristotele
799 3882 1097 3960 Euathlus·
1145 3883 1530 3963 Protagoram
1588 3884 1906 3962 impietatis
1950 3898 2271 3944 accusasse
2321 3881 2607 3961 perhibe-

428 3998 558 4054 tur:
635 3990 796 4052 conf.
859 3991 1120 4053 Cramer.
1196 3987 1428 4051 Anecd.
1511 3988 1697 4052 Paris.
1767 3990 1886 4052 vol.
1928 3988 1972 4052 1.
2053 4007 2189 4071 pag.
2252 3989 2389 4050 172.
2451 3989 2605 4065 (vid.

430 4116 568 4181 pag.
614 4097 752 4175 76.)
1456 4158 1459 4161 ,

641 4204 1227 4285 Hippocratem
1290 4202 1641 4283 Apollodori
1691 4203 1870 4265 filium
1923 4203 2351 4266 Atheniensem
2406 4200 2602 4280 amplo

433 4321 610 4395 atque
650 4312 838 4378 nobili
878 4328 1104 4393 genere
1151 4317 1355 4373 natum
1399 4309 1570 4386 (Plat.
1616 4312 1772 4374 Prot.
1816 4328 1954 4392 pag.
1998 4310 2122 4374 316
2169 4311 2270 4386 Β.)
2325 4327 2396 4371 re
2455 4324 2603 4370 vera
