<?xml version="1.0" encoding="UTF-8"?>
<!DOCTYPE html PUBLIC "-//W3C//DTD XHTML 1.0 Transitional//EN"
    "http://www.w3.org/TR/xhtml1/DTD/xhtml1-transitional.dtd">
<html xmlns="http://www.w3.org/1999/xhtml" xml:lang="en" lang="en">
 <head>
  <title>
</title>
<meta http-equiv="Content-Type" content="text/html;charset=utf-8" />
  <meta name='ocr-system' content='tesseract 3.04.00' />
  <meta name='ocr-capabilities' content='ocr_page ocr_carea ocr_par ocr_line ocrx_word'/>
</head>
<body>
  <div class='ocr_page' id='page_1' title='image "./quaestionesprot00freigoog_0085.png"; bbox 0 0 2975 4959; ppageno 0'>
   <div class='ocr_carea' id='block_1_1' title="bbox 1175 287 1666 356">
    <p class='ocr_par' dir='ltr' id='par_1_1' title="bbox 1175 287 1666 356">
     <span class='ocr_line' id='line_1_1' title="bbox 1175 287 1666 356; baseline 0.018 -23"><span class='ocrx_word' id='word_1_1' title='bbox 1175 287 1666 356; x_wconf 71' lang='lat'>...73-</span> 
     </span>
    </p>
   </div>
   <div class='ocr_carea' id='block_1_2' title="bbox 337 462 2614 4420">
    <p class='ocr_par' dir='ltr' id='par_1_2' title="bbox 337 462 2614 3117">
     <span class='ocr_line' id='line_1_2' title="bbox 348 462 2527 553; baseline 0.003 -24"><span class='ocrx_word' id='word_1_2' title='bbox 348 462 445 531; x_wconf 75' lang='grc' dir='ltr'>ὅτι</span> <span class='ocrx_word' id='word_1_3' title='bbox 491 467 604 529; x_wconf 71' lang='grc' dir='ltr'>οὐκ</span> <span class='ocrx_word' id='word_1_4' title='bbox 647 462 726 531; x_wconf 69' lang='grc' dir='ltr'>ἄν</span> <span class='ocrx_word' id='word_1_5' title='bbox 770 465 1194 549; x_wconf 75' lang='grc' dir='ltr'><strong><em>θαυμάζοιμι,</em></strong></span> <span class='ocrx_word' id='word_1_6' title='bbox 1236 471 1299 533; x_wconf 76' lang='grc' dir='ltr'>εἰ</span> <span class='ocrx_word' id='word_1_7' title='bbox 1338 471 1463 531; x_wconf 80' lang='grc' dir='ltr'>τῶν</span> <span class='ocrx_word' id='word_1_8' title='bbox 1506 469 1848 550; x_wconf 63' lang='grc' dir='ltr'><strong><em>ἐλλογίμων</em></strong></span> <span class='ocrx_word' id='word_1_9' title='bbox 1892 471 2094 550; x_wconf 74' lang='grc' dir='ltr'><strong><em>γένοιο</em></strong></span> <span class='ocrx_word' id='word_1_10' title='bbox 2122 466 2378 553; x_wconf 73' lang='grc' dir='ltr'>’ἄνδραῖν</span> <span class='ocrx_word' id='word_1_11' title='bbox 2419 470 2527 536; x_wconf 74' lang='grc' dir='ltr'>ἐπὶ</span> 
     </span>
     <span class='ocr_line' id='line_1_3' title="bbox 344 574 2527 661; baseline 0.003 -24"><span class='ocrx_word' id='word_1_12' title='bbox 344 574 557 661; x_wconf 68' lang='grc' dir='ltr'><strong>σοφίᾳ.</strong></span> <span class='ocrx_word' id='word_1_13' title='bbox 648 577 876 650; x_wconf 84' lang='lat' dir='ltr'><strong>Quibus</strong></span> <span class='ocrx_word' id='word_1_14' title='bbox 924 594 1000 638; x_wconf 87' lang='lat' dir='ltr'>ex</span> <span class='ocrx_word' id='word_1_15' title='bbox 1051 577 1251 638; x_wconf 90' lang='lat' dir='ltr'>verbis</span> <span class='ocrx_word' id='word_1_16' title='bbox 1293 580 1564 659; x_wconf 87' lang='lat' dir='ltr'>quamvis</span> <span class='ocrx_word' id='word_1_17' title='bbox 1609 576 1915 656; x_wconf 78' lang='lat' dir='ltr'>sophistae</span> <span class='ocrx_word' id='word_1_18' title='bbox 1944 596 2160 659; x_wconf 89' lang='lat' dir='ltr'>magna</span> <span class='ocrx_word' id='word_1_19' title='bbox 2201 582 2294 642; x_wconf 90' lang='lat' dir='ltr'>sui</span> <span class='ocrx_word' id='word_1_20' title='bbox 2336 584 2527 643; x_wconf 88' lang='lat' dir='ltr'>aesti-</span> 
     </span>
     <span class='ocr_line' id='line_1_4' title="bbox 344 685 2524 766; baseline 0.003 -21"><span class='ocrx_word' id='word_1_21' title='bbox 344 686 522 746; x_wconf 90' lang='lat' dir='ltr'>matio</span> <span class='ocrx_word' id='word_1_22' title='bbox 567 692 1019 765; x_wconf 88' lang='lat' dir='ltr'>ceterorumque</span> <span class='ocrx_word' id='word_1_23' title='bbox 1084 685 1475 765; x_wconf 81' lang='lat' dir='ltr'><strong>despicientia</strong></span> <span class='ocrx_word' id='word_1_24' title='bbox 1534 686 1878 766; x_wconf 82' lang='lat' dir='ltr'>planissime</span> <span class='ocrx_word' id='word_1_25' title='bbox 1932 686 2279 766; x_wconf 80' lang='lat' dir='ltr'>perluceat,</span> <span class='ocrx_word' id='word_1_26' title='bbox 2348 689 2524 751; x_wconf 87' lang='lat' dir='ltr'>nimis</span> 
     </span>
     <span class='ocr_line' id='line_1_5' title="bbox 345 795 2524 877; baseline 0.002 -24"><span class='ocrx_word' id='word_1_27' title='bbox 345 799 541 855; x_wconf 87' lang='lat' dir='ltr'>tamen</span> <span class='ocrx_word' id='word_1_28' title='bbox 584 795 778 874; x_wconf 89' lang='lat' dir='ltr'>inepta</span> <span class='ocrx_word' id='word_1_29' title='bbox 821 801 984 856; x_wconf 89' lang='lat' dir='ltr'>esset</span> <span class='ocrx_word' id='word_1_30' title='bbox 1027 796 1370 874; x_wconf 80' lang='lat' dir='ltr'>arrogantia</span> <span class='ocrx_word' id='word_1_31' title='bbox 1398 839 1416 871; x_wconf 93' lang='lat'>,</span> <span class='ocrx_word' id='word_1_32' title='bbox 1456 795 1508 856; x_wconf 92' lang='lat' dir='ltr'>si</span> <span class='ocrx_word' id='word_1_33' title='bbox 1560 796 1691 874; x_wconf 90' lang='lat' dir='ltr'>quis</span> <span class='ocrx_word' id='word_1_34' title='bbox 1733 796 1923 856; x_wconf 85' lang='lat' dir='ltr'>virum</span> <span class='ocrx_word' id='word_1_35' title='bbox 1969 795 2363 877; x_wconf 84' lang='lat' dir='ltr'>quadraginta</span> <span class='ocrx_word' id='word_1_36' title='bbox 2412 814 2524 858; x_wconf 86' lang='lat' dir='ltr'>sex</span> 
     </span>
     <span class='ocr_line' id='line_1_6' title="bbox 343 898 2578 993; baseline 0.004 -35"><span class='ocrx_word' id='word_1_37' title='bbox 343 916 635 960; x_wconf 88' lang='lat' dir='ltr'>annorum</span> <span class='ocrx_word' id='word_1_38' title='bbox 696 898 891 962; x_wconf 90' lang='lat' dir='ltr'>bonae</span> <span class='ocrx_word' id='word_1_39' title='bbox 952 899 1081 979; x_wconf 90' lang='lat' dir='ltr'>spei</span> <span class='ocrx_word' id='word_1_40' title='bbox 1139 899 1412 961; x_wconf 88' lang='lat' dir='ltr'>iuvenem</span> <span class='ocrx_word' id='word_1_41' title='bbox 1442 899 1717 993; x_wconf 65' lang='lat' dir='ltr'>xdiceret.</span> <span class='ocrx_word' id='word_1_42' title='bbox 1819 900 2015 979; x_wconf 80' lang='lat' dir='ltr'><strong>Atque</strong></span> <span class='ocrx_word' id='word_1_43' title='bbox 2084 905 2245 966; x_wconf 91' lang='lat' dir='ltr'>circa</span> <span class='ocrx_word' id='word_1_44' title='bbox 2307 923 2523 968; x_wconf 88' lang='lat' dir='ltr'>annum</span> <span class='ocrx_word' id='word_1_45' title='bbox 2565 915 2578 930; x_wconf 88' lang='grc'><em>“</em></span> 
     </span>
     <span class='ocr_line' id='line_1_7' title="bbox 342 1005 2614 1095; baseline 0.004 -28"><span class='ocrx_word' id='word_1_46' title='bbox 342 1005 483 1068; x_wconf 78' lang='grc'><strong>435.</strong></span> <span class='ocrx_word' id='word_1_47' title='bbox 532 1008 693 1068; x_wconf 87' lang='lat' dir='ltr'>omni</span> <span class='ocrx_word' id='word_1_48' title='bbox 736 1009 864 1069; x_wconf 90' lang='lat' dir='ltr'>iure</span> <span class='ocrx_word' id='word_1_49' title='bbox 910 1009 1305 1089; x_wconf 81' lang='lat' dir='ltr'>ProtagoraS,</span> <span class='ocrx_word' id='word_1_50' title='bbox 1366 1006 1557 1087; x_wconf 90' lang='lat' dir='ltr'>qualis</span> <span class='ocrx_word' id='word_1_51' title='bbox 1601 1008 1836 1087; x_wconf 90' lang='lat' dir='ltr'>quidem</span> <span class='ocrx_word' id='word_1_52' title='bbox 1882 1029 1916 1072; x_wconf 89' lang='lat' dir='ltr'>a</span> <span class='ocrx_word' id='word_1_53' title='bbox 1959 1011 2201 1074; x_wconf 88' lang='lat' dir='ltr'>Platone</span> <span class='ocrx_word' id='word_1_54' title='bbox 2245 1013 2524 1095; x_wconf 85' lang='lat' dir='ltr'>depingi·</span> <span class='ocrx_word' id='word_1_55' title='bbox 2607 1058 2614 1063; x_wconf 71' lang='lat'><strong>·</strong></span> 
     </span>
     <span class='ocr_line' id='line_1_8' title="bbox 343 1115 2523 1203; baseline 0.004 -28"><span class='ocrx_word' id='word_1_56' title='bbox 343 1120 476 1191; x_wconf 88' lang='lat' dir='ltr'>tur,</span> <span class='ocrx_word' id='word_1_57' title='bbox 536 1134 603 1176; x_wconf 92' lang='lat' dir='ltr'>se</span> <span class='ocrx_word' id='word_1_58' title='bbox 663 1117 778 1177; x_wconf 89' lang='lat' dir='ltr'>iam</span> <span class='ocrx_word' id='word_1_59' title='bbox 836 1116 1052 1178; x_wconf 90' lang='lat' dir='ltr'>multos</span> <span class='ocrx_word' id='word_1_60' title='bbox 1098 1115 1323 1178; x_wconf 89' lang='lat' dir='ltr'>habere</span> <span class='ocrx_word' id='word_1_61' title='bbox 1365 1133 1561 1180; x_wconf 92' lang='lat' dir='ltr'>annos</span> <span class='ocrx_word' id='word_1_62' title='bbox 1626 1118 1924 1198; x_wconf 84' lang='lat' dir='ltr'>affirmare</span> <span class='ocrx_word' id='word_1_63' title='bbox 1964 1121 2153 1199; x_wconf 85' lang='lat' dir='ltr'>potuit</span> <span class='ocrx_word' id='word_1_64' title='bbox 2217 1127 2523 1203; x_wconf 84' lang='lat' dir='ltr'>artemque</span> 
     </span>
     <span class='ocr_line' id='line_1_9' title="bbox 344 1222 2522 1308; baseline 0.003 -26"><span class='ocrx_word' id='word_1_65' title='bbox 344 1223 460 1283; x_wconf 88' lang='lat' dir='ltr'>iam</span> <span class='ocrx_word' id='word_1_66' title='bbox 526 1222 626 1284; x_wconf 85' lang='lat' dir='ltr'>diu</span> <span class='ocrx_word' id='word_1_67' title='bbox 670 1227 1062 1286; x_wconf 58' lang='lat' dir='ltr'>exercuisses</span> <span class='ocrx_word' id='word_1_68' title='bbox 1128 1243 1342 1286; x_wconf 89' lang='lat' dir='ltr'>annum</span> <span class='ocrx_word' id='word_1_69' title='bbox 1406 1226 1563 1287; x_wconf 88' lang='lat' dir='ltr'>enim</span> <span class='ocrx_word' id='word_1_70' title='bbox 1627 1232 1766 1287; x_wconf 91' lang='lat' dir='ltr'>tunc</span> <span class='ocrx_word' id='word_1_71' title='bbox 1829 1227 1954 1306; x_wconf 85' lang='lat' dir='ltr'>egit</span> <span class='ocrx_word' id='word_1_72' title='bbox 2001 1227 2522 1308; x_wconf 88' lang='lat' dir='ltr'>quadragesimum</span> 
     </span>
     <span class='ocr_line' id='line_1_10' title="bbox 344 1331 2520 1415; baseline 0.002 -24"><span class='ocrx_word' id='word_1_73' title='bbox 344 1331 602 1409; x_wconf 89' lang='lat' dir='ltr'>quintum</span> <span class='ocrx_word' id='word_1_74' title='bbox 629 1377 647 1406; x_wconf 91' lang='lat'>,</span> <span class='ocrx_word' id='word_1_75' title='bbox 710 1338 772 1398; x_wconf 85' lang='lat' dir='ltr'>et</span> <span class='ocrx_word' id='word_1_76' title='bbox 813 1332 1080 1394; x_wconf 85' lang='lat' dir='ltr'>sedecim</span> <span class='ocrx_word' id='word_1_77' title='bbox 1123 1339 1293 1395; x_wconf 89' lang='lat' dir='ltr'>erant</span> <span class='ocrx_word' id='word_1_78' title='bbox 1333 1331 1764 1413; x_wconf 86' lang='lat' dir='ltr'>praeterlapsi,</span> <span class='ocrx_word' id='word_1_79' title='bbox 1824 1352 1902 1395; x_wconf 85' lang='lat' dir='ltr'>ex</span> <span class='ocrx_word' id='word_1_80' title='bbox 1959 1351 2076 1415; x_wconf 90' lang='lat' dir='ltr'>quo</span> <span class='ocrx_word' id='word_1_81' title='bbox 2123 1341 2307 1396; x_wconf 89' lang='lat' dir='ltr'>artem</span> <span class='ocrx_word' id='word_1_82' title='bbox 2353 1353 2520 1397; x_wconf 89' lang='lat' dir='ltr'>suam</span> 
     </span>
     <span class='ocr_line' id='line_1_11' title="bbox 342 1436 2521 1526; baseline 0.003 -28"><span class='ocrx_word' id='word_1_83' title='bbox 342 1438 495 1498; x_wconf 82' lang='lat' dir='ltr'>inter</span> <span class='ocrx_word' id='word_1_84' title='bbox 538 1436 941 1500; x_wconf 83' lang='lat' dir='ltr'>Athenienses</span> <span class='ocrx_word' id='word_1_85' title='bbox 999 1455 1289 1499; x_wconf 86' lang='lat' dir='ltr'>exercere</span> <span class='ocrx_word' id='word_1_86' title='bbox 1334 1439 1659 1519; x_wconf 87' lang='lat' dir='ltr'>inceperat.</span> <span class='ocrx_word' id='word_1_87' title='bbox 1745 1438 1948 1517; x_wconf 88' lang='lat' dir='ltr'>ltaque</span> <span class='ocrx_word' id='word_1_88' title='bbox 1994 1438 2092 1500; x_wconf 87' lang='lat' dir='ltr'>hic</span> <span class='ocrx_word' id='word_1_89' title='bbox 2139 1458 2374 1526; x_wconf 83' lang='lat' dir='ltr'>quoque</span> <span class='ocrx_word' id='word_1_90' title='bbox 2421 1443 2521 1504; x_wconf 86' lang='lat' dir='ltr'>lo-</span> 
     </span>
     <span class='ocr_line' id='line_1_12' title="bbox 344 1545 2521 1629; baseline 0.003 -23"><span class='ocrx_word' id='word_1_91' title='bbox 344 1562 448 1606; x_wconf 90' lang='lat' dir='ltr'>cus</span> <span class='ocrx_word' id='word_1_92' title='bbox 518 1545 579 1606; x_wconf 91' lang='lat' dir='ltr'>in</span> <span class='ocrx_word' id='word_1_93' title='bbox 642 1551 909 1608; x_wconf 84' lang='lat' dir='ltr'>nostram</span> <span class='ocrx_word' id='word_1_94' title='bbox 975 1546 1470 1625; x_wconf 89' lang='lat' dir='ltr'>computationem</span> <span class='ocrx_word' id='word_1_95' title='bbox 1539 1547 1840 1627; x_wconf 86' lang='lat' dir='ltr'>aptissime</span> <span class='ocrx_word' id='word_1_96' title='bbox 1913 1547 2208 1629; x_wconf 85' lang='lat' dir='ltr'>quadrat:</span> <span class='ocrx_word' id='word_1_97' title='bbox 2288 1550 2521 1613; x_wconf 72' lang='grc' dir='ltr'><strong><em>Καίτοι</em></strong></span> 
     </span>
     <span class='ocr_line' id='line_1_13' title="bbox 338 1643 2520 1738; baseline 0.002 -26"><span class='ocrx_word' id='word_1_98' title='bbox 338 1648 537 1713; x_wconf 76' lang='grc' dir='ltr'><strong><em>πολλά</em></strong></span> <span class='ocrx_word' id='word_1_99' title='bbox 580 1673 650 1733; x_wconf 78' lang='grc' dir='ltr'>γε</span> <span class='ocrx_word' id='word_1_100' title='bbox 691 1648 797 1734; x_wconf 80' lang='grc' dir='ltr'>ἔτη</span> <span class='ocrx_word' id='word_1_101' title='bbox 843 1643 963 1735; x_wconf 74' lang='grc' dir='ltr'>ἤδη</span> <span class='ocrx_word' id='word_1_102' title='bbox 999 1652 1143 1731; x_wconf 67' lang='grc' dir='ltr'><strong><em>,εἰμι’</em></strong></span> <span class='ocrx_word' id='word_1_103' title='bbox 1181 1654 1247 1716; x_wconf 77' lang='grc' dir='ltr'>ἐν</span> <span class='ocrx_word' id='word_1_104' title='bbox 1288 1656 1365 1737; x_wconf 79' lang='grc' dir='ltr'>τῇ</span> <span class='ocrx_word' id='word_1_105' title='bbox 1408 1656 1596 1738; x_wconf 76' lang='grc' dir='ltr'><strong><em>τέχνῃ</em></strong></span> <span class='ocrx_word' id='word_1_106' title='bbox 1625 1679 1642 1694; x_wconf 92' lang='grc'><em>·</em></span> <span class='ocrx_word' id='word_1_107' title='bbox 1728 1656 1837 1715; x_wconf 81' lang='grc' dir='ltr'><strong><em>καί</em></strong></span> <span class='ocrx_word' id='word_1_108' title='bbox 1875 1651 1992 1737; x_wconf 77' lang='grc' dir='ltr'>γὰρ</span> <span class='ocrx_word' id='word_1_109' title='bbox 2066 1653 2178 1719; x_wconf 79' lang='grc' dir='ltr'><strong><em>καί</em></strong></span> <span class='ocrx_word' id='word_1_110' title='bbox 2232 1652 2308 1719; x_wconf 76' lang='grc' dir='ltr'>τὰ</span> <span class='ocrx_word' id='word_1_111' title='bbox 2363 1654 2520 1735; x_wconf 77' lang='grc' dir='ltr'><strong><em>ξύμ-</em></strong></span> 
     </span>
     <span class='ocr_line' id='line_1_14' title="bbox 340 1754 2523 1842; baseline 0.003 -22"><span class='ocrx_word' id='word_1_112' title='bbox 340 1775 544 1821; x_wconf 75' lang='grc' dir='ltr'><strong><em>παντα</em></strong></span> <span class='ocrx_word' id='word_1_113' title='bbox 592 1757 789 1821; x_wconf 76' lang='grc' dir='ltr'><strong><em>πολλά</em></strong></span> <span class='ocrx_word' id='word_1_114' title='bbox 837 1762 958 1839; x_wconf 85' lang='grc' dir='ltr'><strong><em>μοι’</em></strong></span> <span class='ocrx_word' id='word_1_115' title='bbox 994 1756 1196 1823; x_wconf 76' lang='grc' dir='ltr'><strong><em>ἐστιν·</em></strong></span> <span class='ocrx_word' id='word_1_116' title='bbox 1282 1754 1539 1834; x_wconf 74' lang='grc' dir='ltr'><strong><em>οὖδενός</em></strong></span> <span class='ocrx_word' id='word_1_117' title='bbox 1598 1756 1864 1824; x_wconf 75' lang='grc' dir='ltr'><strong><em>ὅτουόὖ</em></strong></span> <span class='ocrx_word' id='word_1_118' title='bbox 1914 1761 2166 1826; x_wconf 72' lang='grc' dir='ltr'><em>πάντων</em></span> <span class='ocrx_word' id='word_1_119' title='bbox 2216 1758 2295 1826; x_wconf 70' lang='grc' dir='ltr'>ἂν</span> <span class='ocrx_word' id='word_1_120' title='bbox 2339 1759 2523 1842; x_wconf 76' lang='grc' dir='ltr'>ὗμῶν</span> 
     </span>
     <span class='ocr_line' id='line_1_15' title="bbox 339 1865 2520 1954; baseline 0.004 -27"><span class='ocrx_word' id='word_1_121' title='bbox 339 1869 486 1929; x_wconf 69' lang='grc' dir='ltr'><em>καθ’</em></span> <span class='ocrx_word' id='word_1_122' title='bbox 532 1865 778 1947; x_wconf 75' lang='grc' dir='ltr'><strong><em>ἡλικίαν</em></strong></span> <span class='ocrx_word' id='word_1_123' title='bbox 832 1865 1036 1950; x_wconf 67' lang='grc' dir='ltr'><em>πατήρ</em></span> <span class='ocrx_word' id='word_1_124' title='bbox 1101 1865 1233 1950; x_wconf 78' lang='grc' dir='ltr'>εἴην</span> <span class='ocrx_word' id='word_1_125' title='bbox 1281 1878 1451 1951; x_wconf 78' lang='lat' dir='ltr'>(pag.</span> <span class='ocrx_word' id='word_1_126' title='bbox 1496 1870 1639 1937; x_wconf 86' lang='lat'>317.</span> <span class='ocrx_word' id='word_1_127' title='bbox 1688 1870 1787 1945; x_wconf 80' lang='lat' dir='ltr'>C).</span> <span class='ocrx_word' id='word_1_128' title='bbox 1876 1871 2030 1944; x_wconf 82' lang='lat' dir='ltr'>Quin</span> <span class='ocrx_word' id='word_1_129' title='bbox 2073 1875 2229 1935; x_wconf 77' lang='lat' dir='ltr'>enim</span> <span class='ocrx_word' id='word_1_130' title='bbox 2286 1874 2520 1954; x_wconf 77' lang='lat' dir='ltr'>gloria-</span> 
     </span>
     <span class='ocr_line' id='line_1_16' title="bbox 343 1972 2518 2058; baseline 0.003 -24"><span class='ocrx_word' id='word_1_131' title='bbox 343 1972 577 2036; x_wconf 88' lang='lat' dir='ltr'>bundus</span> <span class='ocrx_word' id='word_1_132' title='bbox 622 1992 691 2036; x_wconf 89' lang='lat' dir='ltr'>se</span> <span class='ocrx_word' id='word_1_133' title='bbox 736 1977 992 2036; x_wconf 89' lang='lat' dir='ltr'>omnium</span> <span class='ocrx_word' id='word_1_134' title='bbox 1037 1984 1231 2038; x_wconf 88' lang='lat' dir='ltr'>aetate</span> <span class='ocrx_word' id='word_1_135' title='bbox 1273 1984 1499 2057; x_wconf 86' lang='lat' dir='ltr'>patrem</span> <span class='ocrx_word' id='word_1_136' title='bbox 1561 1995 1699 2039; x_wconf 91' lang='lat' dir='ltr'>esse</span> <span class='ocrx_word' id='word_1_137' title='bbox 1740 1995 1922 2058; x_wconf 88' lang='lat' dir='ltr'>posse</span> <span class='ocrx_word' id='word_1_138' title='bbox 1967 1996 2173 2041; x_wconf 90' lang='lat' dir='ltr'>coram</span> <span class='ocrx_word' id='word_1_139' title='bbox 2219 1980 2518 2056; x_wconf 85' lang='lat' dir='ltr'>auditori-</span> 
     </span>
     <span class='ocr_line' id='line_1_17' title="bbox 340 2081 2521 2168; baseline 0.003 -25"><span class='ocrx_word' id='word_1_140' title='bbox 340 2081 453 2144; x_wconf 86' lang='lat' dir='ltr'>bus</span> <span class='ocrx_word' id='word_1_141' title='bbox 494 2084 720 2145; x_wconf 88' lang='lat' dir='ltr'>iactare</span> <span class='ocrx_word' id='word_1_142' title='bbox 763 2083 1042 2164; x_wconf 84' lang='lat' dir='ltr'>religioni</span> <span class='ocrx_word' id='word_1_143' title='bbox 1087 2101 1208 2145; x_wconf 90' lang='lat' dir='ltr'>non</span> <span class='ocrx_word' id='word_1_144' title='bbox 1258 2085 1513 2163; x_wconf 88' lang='lat' dir='ltr'>duxerit,</span> <span class='ocrx_word' id='word_1_145' title='bbox 1556 2086 1668 2146; x_wconf 88' lang='lat' dir='ltr'>etsi</span> <span class='ocrx_word' id='word_1_146' title='bbox 1708 2102 1859 2147; x_wconf 91' lang='lat' dir='ltr'>unus</span> <span class='ocrx_word' id='word_1_147' title='bbox 1908 2103 2113 2149; x_wconf 86' lang='lat' dir='ltr'>eorum</span> <span class='ocrx_word' id='word_1_148' title='bbox 2149 2088 2521 2168; x_wconf 76' lang='lat' dir='ltr'>quiaderant</span> 
     </span>
     <span class='ocr_line' id='line_1_18' title="bbox 343 2190 2522 2273; baseline 0.003 -22"><span class='ocrx_word' id='word_1_149' title='bbox 343 2207 466 2251; x_wconf 92' lang='lat' dir='ltr'>non</span> <span class='ocrx_word' id='word_1_150' title='bbox 526 2190 656 2272; x_wconf 92' lang='lat' dir='ltr'>plus</span> <span class='ocrx_word' id='word_1_151' title='bbox 717 2192 995 2256; x_wconf 85' lang='lat' dir='ltr'>undecim</span> <span class='ocrx_word' id='word_1_152' title='bbox 1064 2194 1237 2255; x_wconf 88' lang='lat' dir='ltr'>annis</span> <span class='ocrx_word' id='word_1_153' title='bbox 1300 2195 1498 2255; x_wconf 89' lang='lat' dir='ltr'>minor</span> <span class='ocrx_word' id='word_1_154' title='bbox 1557 2194 1777 2273; x_wconf 88' lang='lat' dir='ltr'>fuerit,</span> <span class='ocrx_word' id='word_1_155' title='bbox 1848 2195 1965 2255; x_wconf 88' lang='lat' dir='ltr'>iam</span> <span class='ocrx_word' id='word_1_156' title='bbox 2030 2212 2210 2256; x_wconf 88' lang='lat' dir='ltr'>nemo</span> <span class='ocrx_word' id='word_1_157' title='bbox 2257 2194 2522 2259; x_wconf 86' lang='lat' dir='ltr'>dubitet.</span> 
     </span>
     <span class='ocr_line' id='line_1_19' title="bbox 342 2297 2521 2403; baseline 0.001 -43"><span class='ocrx_word' id='word_1_158' title='bbox 342 2297 487 2360; x_wconf 88' lang='lat' dir='ltr'>Nam</span> <span class='ocrx_word' id='word_1_159' title='bbox 529 2300 629 2380; x_wconf 90' lang='lat' dir='ltr'>qui</span> <span class='ocrx_word' id='word_1_160' title='bbox 691 2299 768 2360; x_wconf 90' lang='lat' dir='ltr'>ad</span> <span class='ocrx_word' id='word_1_161' title='bbox 814 2299 875 2361; x_wconf 93' lang='lat' dir='ltr'>id</span> <span class='ocrx_word' id='word_1_162' title='bbox 930 2317 1124 2382; x_wconf 91' lang='lat' dir='ltr'>genus</span> <span class='ocrx_word' id='word_1_163' title='bbox 1184 2299 1539 2403; x_wconf 51' lang='lat' dir='ltr'>septentiam</span> <span class='ocrx_word' id='word_1_164' title='bbox 1594 2299 2004 2381; x_wconf 84' lang='lat' dir='ltr'>explicandam</span> <span class='ocrx_word' id='word_1_165' title='bbox 2069 2318 2200 2363; x_wconf 89' lang='lat' dir='ltr'>cum</span> <span class='ocrx_word' id='word_1_166' title='bbox 2241 2302 2521 2364; x_wconf 87' lang='lat' dir='ltr'>Herbstio</span> 
     </span>
     <span class='ocr_line' id='line_1_20' title="bbox 340 2406 2517 2489; baseline 0.002 -22"><span class='ocrx_word' id='word_1_167' title='bbox 340 2406 803 2487; x_wconf 86' lang='lat' dir='ltr'>Petersenioque</span> <span class='ocrx_word' id='word_1_168' title='bbox 848 2415 1129 2472; x_wconf 88' lang='lat' dir='ltr'>accurate</span> <span class='ocrx_word' id='word_1_169' title='bbox 1168 2407 1656 2489; x_wconf 90' lang='lat' dir='ltr'>perpendendum</span> <span class='ocrx_word' id='word_1_170' title='bbox 1704 2415 1989 2488; x_wconf 89' lang='lat' dir='ltr'>censeat,</span> <span class='ocrx_word' id='word_1_171' title='bbox 2029 2426 2168 2472; x_wconf 90' lang='lat' dir='ltr'>num</span> <span class='ocrx_word' id='word_1_172' title='bbox 2227 2410 2517 2471; x_wconf 85' lang='lat' dir='ltr'>vicesimo</span> 
     </span>
     <span class='ocr_line' id='line_1_21' title="bbox 339 2513 2519 2598; baseline 0.003 -23"><span class='ocrx_word' id='word_1_173' title='bbox 339 2513 573 2576; x_wconf 89' lang='lat' dir='ltr'>demum</span> <span class='ocrx_word' id='word_1_174' title='bbox 635 2533 791 2578; x_wconf 89' lang='lat' dir='ltr'>anno</span> <span class='ocrx_word' id='word_1_175' title='bbox 850 2534 957 2579; x_wconf 76' lang='lat' dir='ltr'>an-</span> <span class='ocrx_word' id='word_1_176' title='bbox 992 2518 1109 2581; x_wconf 89' lang='lat' dir='ltr'>iam</span> <span class='ocrx_word' id='word_1_177' title='bbox 1169 2517 1405 2580; x_wconf 87' lang='lat' dir='ltr'>decimo</span> <span class='ocrx_word' id='word_1_178' title='bbox 1447 2524 1677 2598; x_wconf 83' lang='lat' dir='ltr'>‚quarto</span> <span class='ocrx_word' id='word_1_179' title='bbox 1725 2534 1948 2580; x_wconf 85' lang='lat' dir='ltr'>uxores</span> <span class='ocrx_word' id='word_1_180' title='bbox 2013 2516 2237 2581; x_wconf 88' lang='lat' dir='ltr'>ducere</span> <span class='ocrx_word' id='word_1_181' title='bbox 2299 2519 2519 2582; x_wconf 90' lang='lat' dir='ltr'>Graeci</span> 
     </span>
     <span class='ocr_line' id='line_1_22' title="bbox 340 2622 2520 2705; baseline 0.001 -21"><span class='ocrx_word' id='word_1_182' title='bbox 340 2622 505 2684; x_wconf 88' lang='lat' dir='ltr'>soliti</span> <span class='ocrx_word' id='word_1_183' title='bbox 548 2624 686 2702; x_wconf 89' lang='lat' dir='ltr'>sint,</span> <span class='ocrx_word' id='word_1_184' title='bbox 730 2623 781 2684; x_wconf 92' lang='lat' dir='ltr'>is</span> <span class='ocrx_word' id='word_1_185' title='bbox 823 2623 1033 2686; x_wconf 90' lang='lat' dir='ltr'>mirum</span> <span class='ocrx_word' id='word_1_186' title='bbox 1076 2630 1352 2704; x_wconf 88' lang='lat' dir='ltr'>quantum</span> <span class='ocrx_word' id='word_1_187' title='bbox 1396 2624 1624 2705; x_wconf 89' lang='lat' dir='ltr'>ineptit.</span> <span class='ocrx_word' id='word_1_188' title='bbox 1695 2623 1863 2697; x_wconf 87' lang='lat' dir='ltr'>Quae</span> <span class='ocrx_word' id='word_1_189' title='bbox 1892 2622 2148 2702; x_wconf 88' lang='lat' dir='ltr'>denique</span> <span class='ocrx_word' id='word_1_190' title='bbox 2189 2624 2520 2686; x_wconf 89' lang='lat' dir='ltr'>secundum</span> 
     </span>
     <span class='ocr_line' id='line_1_23' title="bbox 347 2728 2518 2813; baseline 0.001 -22"><span class='ocrx_word' id='word_1_191' title='bbox 347 2730 662 2810; x_wconf 88' lang='lat' dir='ltr'>Epicurum</span> <span class='ocrx_word' id='word_1_192' title='bbox 726 2728 997 2813; x_wconf 84' lang='lat' dir='ltr'>aliosque</span> <span class='ocrx_word' id='word_1_193' title='bbox 1086 2733 1476 2813; x_wconf 87' lang='lat' dir='ltr'>Protagoram</span> <span class='ocrx_word' id='word_1_194' title='bbox 1562 2738 1877 2810; x_wconf 86' lang='lat' dir='ltr'>antequam</span> <span class='ocrx_word' id='word_1_195' title='bbox 1941 2731 2190 2812; x_wconf 90' lang='lat' dir='ltr'>primum</span> <span class='ocrx_word' id='word_1_196' title='bbox 2247 2730 2518 2793; x_wconf 87' lang='lat' dir='ltr'>Athenas</span> 
     </span>
     <span class='ocr_line' id='line_1_24' title="bbox 346 2838 2522 2936; baseline -0 -36"><span class='ocrx_word' id='word_1_197' title='bbox 346 2840 615 2901; x_wconf 86' lang='lat' dir='ltr'>venisset</span> <span class='ocrx_word' id='word_1_198' title='bbox 653 2839 985 2936; x_wconf 81' lang='lat' dir='ltr'>perfecisse</span> <span class='ocrx_word' id='word_1_199' title='bbox 1028 2839 1339 2902; x_wconf 87' lang='lat' dir='ltr'>Herbstius</span> <span class='ocrx_word' id='word_1_200' title='bbox 1366 2842 1500 2920; x_wconf 88' lang='lat' dir='ltr'>·ait‚</span> <span class='ocrx_word' id='word_1_201' title='bbox 1536 2840 1832 2921; x_wconf 88' lang='lat' dir='ltr'>perficere</span> <span class='ocrx_word' id='word_1_202' title='bbox 1867 2838 2158 2921; x_wconf 88' lang='lat' dir='ltr'>potuisset</span> <span class='ocrx_word' id='word_1_203' title='bbox 2199 2854 2279 2899; x_wconf 84' lang='lat' dir='ltr'>ex</span> <span class='ocrx_word' id='word_1_204' title='bbox 2316 2844 2522 2899; x_wconf 90' lang='lat' dir='ltr'>nostra</span> 
     </span>
     <span class='ocr_line' id='line_1_25' title="bbox 340 2946 2518 3030; baseline 0 -22"><span class='ocrx_word' id='word_1_205' title='bbox 340 2964 576 3028; x_wconf 87' lang='lat' dir='ltr'>quoque</span> <span class='ocrx_word' id='word_1_206' title='bbox 613 2955 939 3029; x_wconf 90' lang='lat' dir='ltr'>temporum</span> <span class='ocrx_word' id='word_1_207' title='bbox 981 2948 1407 3030; x_wconf 78' lang='lat' dir='ltr'>descriptione,</span> <span class='ocrx_word' id='word_1_208' title='bbox 1457 2950 1512 3011; x_wconf 92' lang='lat' dir='ltr'>si</span> <span class='ocrx_word' id='word_1_209' title='bbox 1559 2950 1701 3030; x_wconf 87' lang='lat' dir='ltr'>quid</span> <span class='ocrx_word' id='word_1_210' title='bbox 1743 2950 1985 3013; x_wconf 90' lang='lat' dir='ltr'>omnino</span> <span class='ocrx_word' id='word_1_211' title='bbox 2027 2949 2089 3010; x_wconf 90' lang='lat' dir='ltr'>in</span> <span class='ocrx_word' id='word_1_212' title='bbox 2128 2946 2345 3011; x_wconf 86' lang='lat' dir='ltr'>fabulis</span> <span class='ocrx_word' id='word_1_213' title='bbox 2386 2947 2518 3009; x_wconf 90' lang='lat' dir='ltr'>istis</span> 
     </span>
     <span class='ocr_line' id='line_1_26' title="bbox 337 3055 756 3117; baseline 0.002 -2"><span class='ocrx_word' id='word_1_214' title='bbox 337 3055 467 3116; x_wconf 84' lang='lat' dir='ltr'>veri</span> <span class='ocrx_word' id='word_1_215' title='bbox 510 3056 756 3117; x_wconf 89' lang='lat' dir='ltr'>inesset.</span> 
     </span>
    </p>

    <p class='ocr_par' dir='ltr' id='par_1_3' title="bbox 339 3163 2521 4420">
     <span class='ocr_line' id='line_1_27' title="bbox 508 3163 2517 3246; baseline 0.001 -21"><span class='ocrx_word' id='word_1_216' title='bbox 508 3163 682 3225; x_wconf 87' lang='lat' dir='ltr'>Circa</span> <span class='ocrx_word' id='word_1_217' title='bbox 728 3181 945 3227; x_wconf 88' lang='lat' dir='ltr'>annum</span> <span class='ocrx_word' id='word_1_218' title='bbox 1006 3165 1188 3246; x_wconf 88' lang='lat' dir='ltr'>igitur</span> <span class='ocrx_word' id='word_1_219' title='bbox 1229 3164 1373 3227; x_wconf 80' lang='lat'>435.</span> <span class='ocrx_word' id='word_1_220' title='bbox 1421 3165 1587 3227; x_wconf 90' lang='lat' dir='ltr'>ltalia</span> <span class='ocrx_word' id='word_1_221' title='bbox 1643 3171 1703 3227; x_wconf 90' lang='lat' dir='ltr'>et</span> <span class='ocrx_word' id='word_1_222' title='bbox 1759 3165 2007 3243; x_wconf 84' lang='lat' dir='ltr'>Sicilia,</span> <span class='ocrx_word' id='word_1_223' title='bbox 2061 3166 2164 3228; x_wconf 91' lang='lat' dir='ltr'>ubi</span> <span class='ocrx_word' id='word_1_224' title='bbox 2229 3167 2517 3228; x_wconf 82' lang='lat' dir='ltr'>maximas</span> 
     </span>
     <span class='ocr_line' id='line_1_28' title="bbox 340 3271 2515 3354; baseline 0 -20"><span class='ocrx_word' id='word_1_225' title='bbox 340 3271 549 3334; x_wconf 84' lang='lat' dir='ltr'>landes</span> <span class='ocrx_word' id='word_1_226' title='bbox 597 3272 844 3352; x_wconf 89' lang='lat' dir='ltr'>adeptus</span> <span class='ocrx_word' id='word_1_227' title='bbox 890 3280 1059 3353; x_wconf 85' lang='lat' dir='ltr'>erat,</span> <span class='ocrx_word' id='word_1_228' title='bbox 1129 3273 1354 3336; x_wconf 90' lang='lat' dir='ltr'>relictis</span> <span class='ocrx_word' id='word_1_229' title='bbox 1397 3274 1711 3336; x_wconf 88' lang='lat' dir='ltr'>Graeciam</span> <span class='ocrx_word' id='word_1_230' title='bbox 1771 3275 2023 3354; x_wconf 89' lang='lat' dir='ltr'>repetiit.</span> <span class='ocrx_word' id='word_1_231' title='bbox 2110 3273 2515 3354; x_wconf 88' lang='lat' dir='ltr'>Sophistarum</span> 
     </span>
     <span class='ocr_line' id='line_1_29' title="bbox 341 3380 2518 3463; baseline -0.002 -22"><span class='ocrx_word' id='word_1_232' title='bbox 341 3398 511 3442; x_wconf 90' lang='lat' dir='ltr'>more</span> <span class='ocrx_word' id='word_1_233' title='bbox 554 3396 763 3441; x_wconf 89' lang='lat' dir='ltr'>omnes</span> <span class='ocrx_word' id='word_1_234' title='bbox 804 3380 948 3442; x_wconf 89' lang='lat' dir='ltr'>adiit</span> <span class='ocrx_word' id='word_1_235' title='bbox 988 3382 1168 3443; x_wconf 90' lang='lat' dir='ltr'>urbes</span> <span class='ocrx_word' id='word_1_236' title='bbox 1209 3380 1500 3444; x_wconf 89' lang='lat' dir='ltr'>clariores</span> <span class='ocrx_word' id='word_1_237' title='bbox 1544 3399 1819 3463; x_wconf 89' lang='lat' dir='ltr'>magnam</span> <span class='ocrx_word' id='word_1_238' title='bbox 1863 3380 2285 3460; x_wconf 87' lang='lat' dir='ltr'>discipulorum</span> <span class='ocrx_word' id='word_1_239' title='bbox 2315 3380 2518 3443; x_wconf 90' lang='lat' dir='ltr'>multi..</span> 
     </span>
     <span class='ocr_line' id='line_1_30' title="bbox 341 3488 2518 3569; baseline 0 -20"><span class='ocrx_word' id='word_1_240' title='bbox 341 3488 604 3549; x_wconf 86' lang='lat' dir='ltr'>tudinem</span> <span class='ocrx_word' id='word_1_241' title='bbox 645 3504 850 3549; x_wconf 88' lang='lat' dir='ltr'>secum</span> <span class='ocrx_word' id='word_1_242' title='bbox 897 3488 1163 3568; x_wconf 89' lang='lat' dir='ltr'>ducens,</span> <span class='ocrx_word' id='word_1_243' title='bbox 1203 3507 1238 3550; x_wconf 94' lang='lat' dir='ltr'>a</span> <span class='ocrx_word' id='word_1_244' title='bbox 1280 3488 1491 3569; x_wconf 87' lang='lat' dir='ltr'>quibus</span> <span class='ocrx_word' id='word_1_245' title='bbox 1535 3489 1838 3569; x_wconf 89' lang='lat' dir='ltr'>ingentem</span> <span class='ocrx_word' id='word_1_246' title='bbox 1877 3489 2172 3568; x_wconf 88' lang='lat' dir='ltr'>pecuniae</span> <span class='ocrx_word' id='word_1_247' title='bbox 2214 3489 2332 3549; x_wconf 88' lang='lat' dir='ltr'>vim</span> <span class='ocrx_word' id='word_1_248' title='bbox 2377 3488 2518 3549; x_wconf 87' lang='lat' dir='ltr'>exi-</span> 
     </span>
     <span class='ocr_line' id='line_1_31' title="bbox 339 3593 2521 3677; baseline 0.001 -22"><span class='ocrx_word' id='word_1_249' title='bbox 339 3595 545 3675; x_wconf 86' lang='lat' dir='ltr'>gebat.</span> <span class='ocrx_word' id='word_1_250' title='bbox 649 3594 779 3657; x_wconf 90' lang='lat' dir='ltr'>Vid.</span> <span class='ocrx_word' id='word_1_251' title='bbox 851 3594 950 3658; x_wconf 90' lang='lat' dir='ltr'>lib.</span> <span class='ocrx_word' id='word_1_252' title='bbox 1009 3595 1104 3659; x_wconf 89' lang='lat' dir='ltr'>lV.</span> <span class='ocrx_word' id='word_1_253' title='bbox 1163 3615 1290 3677; x_wconf 89' lang='lat' dir='ltr'>cap.</span> <span class='ocrx_word' id='word_1_254' title='bbox 1347 3597 1393 3658; x_wconf 91' lang='lat' dir='ltr'>l.</span> <span class='ocrx_word' id='word_1_255' title='bbox 1504 3596 1755 3659; x_wconf 89' lang='lat' dir='ltr'>Athenis</span> <span class='ocrx_word' id='word_1_256' title='bbox 1821 3596 1899 3659; x_wconf 90' lang='lat' dir='ltr'>ad</span> <span class='ocrx_word' id='word_1_257' title='bbox 1959 3596 2202 3659; x_wconf 88' lang='lat' dir='ltr'>Calliam</span> <span class='ocrx_word' id='word_1_258' title='bbox 2263 3593 2521 3658; x_wconf 84' lang='lat' dir='ltr'>devertit</span> 
     </span>
     <span class='ocr_line' id='line_1_32' title="bbox 341 3701 2520 3786; baseline 0.001 -23"><span class='ocrx_word' id='word_1_259' title='bbox 341 3702 1027 3772; x_wconf 71' lang='lat' dir='ltr'>secundumPlatoneme</span> <span class='ocrx_word' id='word_1_260' title='bbox 1072 3701 1234 3786; x_wconf 91' lang='lat' dir='ltr'>quod</span> <span class='ocrx_word' id='word_1_261' title='bbox 1273 3704 1325 3767; x_wconf 91' lang='lat' dir='ltr'>si</span> <span class='ocrx_word' id='word_1_262' title='bbox 1366 3722 1488 3767; x_wconf 93' lang='lat' dir='ltr'>non</span> <span class='ocrx_word' id='word_1_263' title='bbox 1512 3722 1738 3782; x_wconf 90' lang='lat' dir='ltr'>verum,</span> <span class='ocrx_word' id='word_1_264' title='bbox 1783 3704 1941 3767; x_wconf 89' lang='lat' dir='ltr'>bene</span> <span class='ocrx_word' id='word_1_265' title='bbox 1983 3708 2149 3765; x_wconf 84' lang='lat' dir='ltr'>certe</span> <span class='ocrx_word' id='word_1_266' title='bbox 2191 3708 2285 3763; x_wconf 88' lang='lat' dir='ltr'>est</span> <span class='ocrx_word' id='word_1_267' title='bbox 2322 3701 2520 3765; x_wconf 85' lang='lat' dir='ltr'>fictum</span> 
     </span>
     <span class='ocr_line' id='line_1_33' title="bbox 341 3808 2521 3893; baseline -0 -20"><span class='ocrx_word' id='word_1_268' title='bbox 341 3809 422 3873; x_wconf 86' lang='lat' dir='ltr'>ob</span> <span class='ocrx_word' id='word_1_269' title='bbox 482 3808 722 3872; x_wconf 88' lang='lat' dir='ltr'>Calliam</span> <span class='ocrx_word' id='word_1_270' title='bbox 779 3812 843 3873; x_wconf 91' lang='lat' dir='ltr'>in</span> <span class='ocrx_word' id='word_1_271' title='bbox 891 3810 1259 3891; x_wconf 90' lang='lat' dir='ltr'>philosophis</span> <span class='ocrx_word' id='word_1_272' title='bbox 1324 3813 1690 3893; x_wconf 90' lang='lat' dir='ltr'>recipiendis</span> <span class='ocrx_word' id='word_1_273' title='bbox 1746 3811 1989 3873; x_wconf 90' lang='lat' dir='ltr'>nimium</span> <span class='ocrx_word' id='word_1_274' title='bbox 2045 3815 2106 3872; x_wconf 84' lang='lat' dir='ltr'>et</span> <span class='ocrx_word' id='word_1_275' title='bbox 2164 3826 2310 3872; x_wconf 83' lang='lat' dir='ltr'>vere</span> <span class='ocrx_word' id='word_1_276' title='bbox 2360 3819 2521 3890; x_wconf 79' lang='lat' dir='ltr'>&#39;pro-</span> 
     </span>
     <span class='ocr_line' id='line_1_34' title="bbox 343 3916 2517 4002; baseline 0.001 -24"><span class='ocrx_word' id='word_1_277' title='bbox 343 3916 565 3998; x_wconf 89' lang='lat' dir='ltr'>digum.</span> <span class='ocrx_word' id='word_1_278' title='bbox 654 3918 784 3981; x_wconf 91' lang='lat' dir='ltr'>Vid.</span> <span class='ocrx_word' id='word_1_279' title='bbox 829 3919 1004 3983; x_wconf 89' lang='lat' dir='ltr'>locos</span> <span class='ocrx_word' id='word_1_280' title='bbox 1059 3919 1159 3982; x_wconf 89' lang='lat' dir='ltr'>lib.</span> <span class='ocrx_word' id='word_1_281' title='bbox 1206 3921 1301 3983; x_wconf 88' lang='lat' dir='ltr'>IV.</span> <span class='ocrx_word' id='word_1_282' title='bbox 1349 3940 1478 4002; x_wconf 89' lang='lat' dir='ltr'>cap.</span> <span class='ocrx_word' id='word_1_283' title='bbox 1527 3921 1597 3983; x_wconf 89' lang='lat'>11.</span> <span class='ocrx_word' id='word_1_284' title='bbox 1641 3920 1956 3984; x_wconf 66' lang='lat' dir='ltr'>indicatos</span> <span class='ocrx_word' id='word_1_285' title='bbox 2040 3917 2283 3982; x_wconf 84' lang='lat' dir='ltr'>Multum</span> <span class='ocrx_word' id='word_1_286' title='bbox 2338 3920 2517 3981; x_wconf 91' lang='lat' dir='ltr'>etiam</span> 
     </span>
     <span class='ocr_line' id='line_1_35' title="bbox 343 4023 2517 4108; baseline 0.005 -25"><span class='ocrx_word' id='word_1_287' title='bbox 343 4041 478 4085; x_wconf 90' lang='lat' dir='ltr'>cum</span> <span class='ocrx_word' id='word_1_288' title='bbox 505 4023 730 4086; x_wconf 88' lang='lat' dir='ltr'>Pericle</span> <span class='ocrx_word' id='word_1_289' title='bbox 771 4033 917 4104; x_wconf 87' lang='lat' dir='ltr'>erat,</span> <span class='ocrx_word' id='word_1_290' title='bbox 960 4027 1120 4108; x_wconf 91' lang='lat' dir='ltr'>quod</span> <span class='ocrx_word' id='word_1_291' title='bbox 1152 4044 1231 4089; x_wconf 85' lang='lat' dir='ltr'>ex</span> <span class='ocrx_word' id='word_1_292' title='bbox 1274 4027 1413 4090; x_wconf 89' lang='lat' dir='ltr'>Plut.</span> <span class='ocrx_word' id='word_1_293' title='bbox 1449 4029 1691 4091; x_wconf 91' lang='lat' dir='ltr'>Consol.</span> <span class='ocrx_word' id='word_1_294' title='bbox 1739 4026 2032 4108; x_wconf 79' lang='lat' dir='ltr'>adApoll.</span> <span class='ocrx_word' id='word_1_295' title='bbox 2086 4045 2217 4107; x_wconf 89' lang='lat' dir='ltr'>cap.</span> <span class='ocrx_word' id='word_1_296' title='bbox 2244 4025 2517 4094; x_wconf 82' lang='grc' dir='ltr'><strong>ΧΧΧΠΙ.</strong></span> 
     </span>
     <span class='ocr_line' id='line_1_36' title="bbox 342 4129 2520 4214; baseline 0.002 -24"><span class='ocrx_word' id='word_1_297' title='bbox 342 4136 517 4206; x_wconf 81' lang='lat' dir='ltr'>(tom.</span> <span class='ocrx_word' id='word_1_298' title='bbox 560 4129 630 4191; x_wconf 89' lang='lat'>11.</span> <span class='ocrx_word' id='word_1_299' title='bbox 679 4148 815 4213; x_wconf 87' lang='lat' dir='ltr'>pag.</span> <span class='ocrx_word' id='word_1_300' title='bbox 864 4133 1002 4196; x_wconf 87' lang='grc'><strong>118.</strong></span> <span class='ocrx_word' id='word_1_301' title='bbox 1045 4134 1130 4212; x_wconf 84' lang='grc'>1))</span> <span class='ocrx_word' id='word_1_302' title='bbox 1176 4141 1444 4214; x_wconf 88' lang='lat' dir='ltr'>apparet.</span> <span class='ocrx_word' id='word_1_303' title='bbox 1528 4135 1642 4208; x_wconf 90' lang='lat' dir='ltr'>Qui</span> <span class='ocrx_word' id='word_1_304' title='bbox 1697 4151 1830 4196; x_wconf 88' lang='lat' dir='ltr'>cum</span> <span class='ocrx_word' id='word_1_305' title='bbox 1876 4134 1940 4196; x_wconf 89' lang='lat' dir='ltr'>in</span> <span class='ocrx_word' id='word_1_306' title='bbox 1987 4135 2328 4197; x_wconf 86' lang='lat' dir='ltr'>universum</span> <span class='ocrx_word' id='word_1_307' title='bbox 2371 4134 2520 4195; x_wconf 90' lang='lat' dir='ltr'>viris</span> 
     </span>
     <span class='ocr_line' id='line_1_37' title="bbox 347 4239 2521 4320; baseline -0.001 -20"><span class='ocrx_word' id='word_1_308' title='bbox 347 4240 620 4301; x_wconf 88' lang='lat' dir='ltr'>doctrina</span> <span class='ocrx_word' id='word_1_309' title='bbox 680 4245 742 4301; x_wconf 90' lang='lat' dir='ltr'>et</span> <span class='ocrx_word' id='word_1_310' title='bbox 787 4240 1011 4303; x_wconf 90' lang='lat' dir='ltr'>artibus</span> <span class='ocrx_word' id='word_1_311' title='bbox 1057 4240 1486 4303; x_wconf 80' lang='lat' dir='ltr'>excellentibus</span> <span class='ocrx_word' id='word_1_312' title='bbox 1545 4241 1629 4303; x_wconf 91' lang='lat' dir='ltr'>uti</span> <span class='ocrx_word' id='word_1_313' title='bbox 1685 4240 1951 4320; x_wconf 87' lang='lat' dir='ltr'>soleret,</span> <span class='ocrx_word' id='word_1_314' title='bbox 2011 4259 2144 4303; x_wconf 89' lang='lat' dir='ltr'>cum</span> <span class='ocrx_word' id='word_1_315' title='bbox 2191 4239 2521 4319; x_wconf 88' lang='lat' dir='ltr'>Protagora</span> 
     </span>
     <span class='ocr_line' id='line_1_38' title="bbox 348 4343 2516 4420; baseline -0.001 -10"><span class='ocrx_word' id='word_1_316' title='bbox 348 4347 835 4414; x_wconf 81' lang='lat' dir='ltr'>coniunctissime</span> <span class='ocrx_word' id='word_1_317' title='bbox 877 4349 1104 4416; x_wconf 75' lang='lat' dir='ltr'>vixisse</span> <span class='ocrx_word' id='word_1_318' title='bbox 1152 4347 1420 4414; x_wconf 86' lang='lat' dir='ltr'>videtur:</span> <span class='ocrx_word' id='word_1_319' title='bbox 1480 4356 1545 4414; x_wconf 93' lang='lat' dir='ltr'>ut</span> <span class='ocrx_word' id='word_1_320' title='bbox 1599 4350 1657 4413; x_wconf 87' lang='lat' dir='ltr'>ei</span> <span class='ocrx_word' id='word_1_321' title='bbox 1704 4350 1950 4414; x_wconf 91' lang='lat' dir='ltr'>occasio</span> <span class='ocrx_word' id='word_1_322' title='bbox 1979 4347 2134 4420; x_wconf 69' lang='lat' dir='ltr'>‘data</span> <span class='ocrx_word' id='word_1_323' title='bbox 2178 4351 2342 4412; x_wconf 87' lang='lat' dir='ltr'>esset</span> <span class='ocrx_word' id='word_1_324' title='bbox 2398 4343 2516 4408; x_wconf 86' lang='lat' dir='ltr'>ob-</span> 
     </span>
    </p>
   </div>
  </div>
 </body>
</html>
