2975 4959
1291 282 1781 363 ...74-

461 472 745 537 servandi
804 474 1048 537 Periclis
1113 474 1292 536 animi
1361 472 1696 536 firmitatem
1756 479 1818 535 et
1884 474 2277 536 constantiam
2339 476 2398 538 in
2462 478 2641 539 tantis

468 583 861 645 calamitatum
912 584 1382 663 tempestatibuS.
1425 582 1666 644 Periclis
1713 581 1886 643 favor
1927 581 2236 661 plurimum
2270 577 2534 662 contulit,
2577 592 2642 648 ut

461 688 620 769 apud
686 689 1091 753 nobilissimos
1152 704 1427 772 quosque
1483 689 1937 752 Atheniensium
1994 708 2220 752 summa
2279 693 2639 773 Protagoras

463 799 818 861 auctoritate
861 795 1107 876 valeret,
1154 811 1480 873 eorumque
1524 812 1636 857 usu
1679 793 2011 856 domestico
2055 796 2387 858 frueretur:
2437 800 2493 858 in
2514 798 2642 859 Eu-

459 907 668 988 ripidis
715 907 930 983 domo,
973 904 1300 967 secundum
1343 902 1497 965 alios
1551 904 1611 964 in
1651 903 2038 984 Megaclidis,
2085 904 2298 966 librum
2344 906 2642 984 quendam

461 1034 630 1079 suum
677 1014 1031 1090 recitavisse
1091 1012 1189 1073 vel
1233 1011 1605 1074 recitandum
1669 1028 1917 1073 curasse
1976 1013 2229 1074 traditur
2286 1031 2320 1074 a
2362 1015 2641 1097 Diogene

466 1124 702 1186 Laertio
752 1124 851 1185 lib.
893 1121 992 1183 lX.
1043 1131 1101 1199 ς.
1145 1116 1245 1182 54.
2701 1107 2715 1121 ’

621 1221 767 1293 Inde
824 1229 899 1292 ab
944 1245 1103 1290 anno
1152 1227 1291 1290 429.
1349 1242 1541 1308 usque
1602 1227 1680 1287 ad
1725 1226 1910 1306 ipsius
1976 1234 2226 1289 mortem
2286 1228 2430 1290 nihil
2491 1228 2641 1292 certi

458 1339 538 1401 de
587 1339 916 1419 Protagora
977 1336 1249 1399 innotuit.
1321 1336 1479 1408 ,Nam
1546 1334 1708 1415 quod
1751 1335 2053 1416 Kayserus
2113 1334 2395 1398 editionis
2435 1336 2641 1400 Philo-

456 1454 627 1511 strati
657 1465 794 1528 pag.
826 1446 966 1508 202.
1012 1464 1144 1510 eum
1188 1447 1302 1507 iam
1331 1450 1748 1519 senescentem
1776 1445 1834 1505 in
1854 1446 2111 1507 Siciliam
2141 1445 2471 1525 profectum
2498 1462 2638 1507 esse

454 1563 694 1635 narrat,
748 1553 865 1615 hoc
911 1554 1192 1615 temerius
1234 1551 1334 1614 ille
1383 1551 1629 1633 collegit
1673 1569 1751 1613 ex
1795 1552 2054 1614 Platonis
2098 1553 2270 1633 Hipp.
2320 1552 2455 1613 Mai.
2500 1568 2637 1633 pag.

459 1665 601 1726 282.
649 1663 740 1724 De
801 1659 1209 1744 Αφικόμενος
1252 1660 1322 1722 δέ
1382 1679 1531 1721 ποτε
1575 1660 1663 1732 εἰς
1704 1662 1994 1722 Σικελίαν
2039 1658 2479 1741 Πρωταγόρου
2523 1660 2639 1721 av'.

454 1770 604 1837 τόθι
652 1769 1102 1851 ἐπιδημοῦντος
1167 1768 1276 1829 καί
1315 1768 1796 1846 ει’δοκιμοῦντος
1838 1769 1947 1830 καί
1987 1770 2420 1851 πρεσβυτέρου
2464 1759 2641 1842 ὄντος

457 1878 616 1943 πολὺ
667 1873 963 1957 νεώτερος
1003 1868 1091 1936 ὧν
1138 1881 1199 1936 et
1241 1894 1296 1955 q.
1341 1892 1509 1954 seqq.
1601 1875 1775 1948 Quod
1817 1878 1972 1936 enim
2018 1876 2201 1957 longe
2258 1878 2455 1938 iunior
2510 1882 2639 1938 erat

463 1988 706 2068 Hippias
723 1986 1050 2065 Protagora
1094 2002 1227 2046 cum
1260 1984 1320 2045 in
1339 1982 1539 2045 Sicilia
1564 1990 1791 2061 essent,
1831 1983 1972 2045 inde
1994 1984 2231 2045 minime
2248 1984 2635 2066 Protagoram

459 2109 669 2159 senem
729 2094 918 2156 fuisse
978 2092 1398 2173 consequitur,
1463 2108 1595 2153 cum
1646 2092 1889 2172 llippias
1949 2088 2439 2173 quam'aetatem
2496 2100 2637 2154 tunc

457 2205 652 2287 egerit
694 2219 940 2282 prorsus
990 2202 1256 2283 ignotum
1308 2202 1401 2262 sit.
1489 2200 1672 2261 Immo
1693 2200 1934 2280 Hippias
1979 2200 2057 2262 de
2096 2207 2366 2281 tempore
2406 2201 2636 2281 pridem

457 2308 866 2391 praeterlapso
908 2307 1162 2389 loquens
1205 2306 1346 2369 illud
1404 2305 1747 2387 significare
1788 2305 2071 2381 videtur,
2115 2325 2234 2387 quo
2275 2309 2637 2390 Protagoras

457 2418 658 2499 legum
699 2414 974 2476 Thurinis
1014 2411 1464 2473 scribendarum
1509 2429 1691 2473 causa
1733 2412 1987 2474 Athenis
2026 2415 2331 2493 profectus
2374 2417 2434 2477 in
2469 2415 2637 2478 ltalia

457 2524 778 2603 Siciliaque
804 2526 1074 2583 versatus
1100 2525 1245 2580 erat.
1273 2518 1467 2600 Atque
1493 2509 1629 2580 sunt
1650 2518 1922 2598 profecto
1948 2520 2259 2600 quaedam,
2287 2523 2500 2602 quibus
2526 2541 2637 2604 per

459 2637 646 2693 totum
671 2629 811 2692 illud
832 2627 1115 2708 temporis
1139 2628 1411 2707 spatium,
1436 2628 1594 2707 quod
1613 2626 1855 2689 Periclis
1881 2629 2037 2690 inter
2054 2630 2356 2711 ipsiusque
2380 2637 2636 2693 mortem

459 2739 837 2804 interiectum
863 2744 975 2815 est,
1019 2736 1406 2818 Protagoram
1432 2737 1743 2816 probabile
1767 2736 1830 2798 fit
1850 2736 2101 2800 Athenis
2134 2745 2432 2802 versatum
2474 2758 2632 2802 esse.

462 2848 620 2912 Nihil
646 2850 803 2910 enim
827 2847 1536 2923 Athenaeum-curamus,
1582 2846 1679 2925 qui
1718 2844 1856 2907 loco
1899 2863 2077 2926 supra
2125 2853 2375 2912 tractato
2424 2848 2635 2928 sophi-

460 2965 613 3021 stam
677 2955 1032 3037 olympiadis
1091 2956 1503 3036 octogesimae
1546 2970 1745 3018 nonae
1785 2971 1944 3017 anno
1991 2956 2181 3036 primo
2225 2975 2478 3038 peregre
2522 2959 2634 3020 ab·

458 3065 648 3128 fuisse
705 3064 846 3127 inde
909 3065 1192 3144 coniicit,
1257 3064 1418 3144 quod
1476 3064 1550 3124 ab
1597 3064 1859 3144 Amipsia
1906 3064 2114 3127 Conno
2155 3072 2293 3127 tunc
2338 3066 2516 3129 docta
2574 3069 2636 3129 in

461 3174 851 3257 φροντιστῶν
909 3173 1098 3234 choro
1158 3188 1280 3233 non
1333 3178 1714 3234 memoretur.
1796 3172 1945 3235 Nam
2002 3182 2411 3254 argumentum
2470 3177 2639 3238 cuius

466 3282 625 3344 haec
670 3290 762 3343 est
805 3281 1019 3359 forma,
1058 3288 1122 3344 ut
1161 3280 1280 3344 hoc
1324 3281 1419 3342 vel
1461 3280 1605 3342 illud
1645 3282 1780 3362 quia
1824 3282 1899 3343 ab
1941 3282 2136 3363 aliquo
2186 3289 2454 3346 taceatur
2497 3284 2636 3346 ideo

465 3391 710 3453 omnino
757 3407 880 3452 non
925 3390 1111 3453 fuisse
1153 3391 1247 3451 vel
1294 3390 1515 3452 factum
1563 3407 1703 3453 esse
1747 3389 2070 3468 efficiatur,
2126 3393 2242 3454 nisi
2283 3395 2633 3455 necessario

458 3499 907 3561 memorandum
952 3498 1138 3562 fuisse
1182 3516 1261 3560 ex
1301 3500 1487 3579 ipsius
1513 3498 1634 3562 loci
1658 3498 2006 3563 conditione
2034 3507 2295 3581 apparet,
2337 3519 2635 3581 nunquam

458 3608 591 3670 fere
633 3625 908 3688 magnam
954 3605 1135 3668 habet
1172 3604 1467 3686 probandi
1512 3606 1654 3667 vim.
1739 3606 1994 3668 Nostrae
2057 3613 2251 3668 autem
2298 3610 2634 3671 sententiae

459 3715 748 3776 firmitatis
793 3713 1015 3793 aliquid
1059 3713 1200 3775 inde
1245 3714 1575 3792 accrescit,
1625 3713 1804 3800 quod⁴
1832 3714 2198 3795 Protagorae
2242 3716 2300 3776 in
2347 3717 2475 3778 aliis
2519 3736 2637 3780 co-

461 3820 718 3883 moediis
783 3822 946 3883 circa
1008 3823 1167 3884 idem
1231 3828 1458 3903 tempus
1523 3823 1673 3907 actis
1732 3840 1991 3905 magnae
2052 3831 2190 3886 sunt
2245 3832 2463 3904 partes,
2570 3828 2638 3889 111

459 3928 759 4004 NubibuS,
816 3945 987 4006 quam
1029 3927 1496 4008 Aristophanem
1540 3928 1822 3990 docuisse
1866 3946 2022 3990 anno
2070 3926 2212 3991 424.
2262 3929 2636 3993 Hermannus

464 4035 944 4112 demonstravit,
991 4036 1357 4118 Protagorae
1401 4036 1769 4117 disciplinam
1810 4037 2127 4117 perstringi
2171 4036 2322 4099 libro
2365 4038 2461 4100 111.
2506 4041 2637 4120 pla-

460 4166 598 4209 num
640 4147 762 4211 fiet.
845 4145 991 4207 Item
1037 4143 1109 4203 ab
1166 4142 1456 4222 Eupolide
1520 4144 1581 4203 in
1642 4132 1846 4223 primis
1891 4142 2347 4206 Assentatorum
2391 4145 2450 4206 in
2495 4162 2636 4206 sce-

459 4239 596 4319 nam
639 4254 976 4331 inducitur,
1021 4269 1175 4332 quae
1222 4250 1419 4314 sabula
1466 4250 1643 4313 docta
1694 4258 1786 4313 est
1830 4250 2181 4331 olympiadis
2227 4253 2637 4334 octogesimae

451 4335 675 4433 nonae
700 4382 858 4429 anno
903 4363 1098 4426 tertio.
1188 4359 1360 4423 Circa
1403 4359 1544 4422 illud
1601 4362 1791 4441 ipsum
1838 4361 2019 4443 igitur
2063 4368 2294 4444 tempus
2338 4362 2636 4443 Protago-
