2975 4959
1216 277 1696 351 ...45-

371 466 588 534 Suidas
631 467 710 529 de
745 464 1061 547 Apollonio
1106 463 1346 547 Tyaneo
1372 488 1390 528 ε
1413 458 1705 546 Ἤκμαζε
1750 466 1869 548 μὲν
1910 466 2019 531 ἕπε’
2058 467 2391 535 Κλαυδίου
2435 476 2547 537 καὶ

370 577 433 640 Γ
422 578 572 640 mov
616 598 721 637 και
740 576 1063 656 Νέρωνος
1106 575 1217 636 καί
1236 575 1450 656 ’μέχρι
1493 577 1738 656 Νέρβα.
1800 572 1933 648 Quo
1966 573 2178 659 α’κμήν
2221 595 2345 640 11011
2370 587 2544 643 aela-

372 686 452 747 tis
492 683 699 746 florem
747 698 887 744 esse
906 679 1196 763 apparet,
1243 681 1354 745 sed
1396 681 1646 764 ingenii.
1725 681 1925 764 Atque
1966 682 2090 746 hoc
2131 683 2211 750 de
2236 684 2543 814 Boeckhii

374 790 814 874 computatione
857 789 1131 855 sufficiat.

1372 964 1429 1032 §-
1471 952 1534 1016 4.

529 1105 808 1170 Attamen
849 1104 913 1168 in
956 1103 1114 1167 idem
1153 1103 1285 1165 fere
1326 1059 1563 1186 tempus·
1602 1103 1781 1167 etiam
1824 1102 1920 1167 alii
1948 1104 2307 1170 inciderunt.
2356 1109 2539 1174 Anno

371 1214 532 1276 enim
579 1214 821 1277 circiter
839 1212 984 1277 400.
1028 1213 1415 1294 Protagoram
1456 1213 1614 1275 diem
1656 1213 1882 1278 obiisse
1924 1219 2087 1294 putat
2131 1214 2344 1280 Clinto.
2394 1218 2545 1283 Nam
2645 1297 2651 1304 ,

371 1322 531 1404 quod
576 1320 711 1385 Car.
756 1321 850 1384 Fr.
892 1320 1268 1383 Hermannus
1329 1320 1468 1383 loco
1530 1319 1608 1382 ad
1671 1320 1848 1383 finem
1894 1333 1950 1399 9.
1999 1323 2053 1383 1.
2096 1322 2360 1390 indicato
2429 1324 2546 1387 de·-

375 1430 638 1493 cessisse
679 1429 761 1493 ait
801 1426 1126 1509 sophistam
1169 1445 1249 1490 ex
1288 1427 1579 1490 clintonis
1622 1429 1857 1492 ratione
1903 1445 2065 1492 anno
2093 1430 2221 1499 404
2243 1476 2264 1510 ,
2313 1431 2408 1495 vir
2443 1431 2548 1514 ille

375 1539 758 1601 doctissimus
795 1536 1037 1599 nonnisi
1079 1541 1242 1617 ipsas
1284 1536 1592 1599 Fastorum
1636 1536 1907 1618 tabum,
1949 1554 2073 1600 non
2114 1555 2262 1602 vero
2308 1555 2545 1621 appen-
2651 1611 2654 1616 ‚

375 1646 527 1708 dicis
572 1645 787 1708 tabulis
828 1644 1146 1706 adiunctae
1187 1650 1366 1725 caput
1401 1643 1580 1721 Χ·Χ1,
1622 1644 1782 1725 quod
1825 1651 1918 1706 est
1961 1643 2037 1707 de
2079 1645 2450 1728 philosophis
2483 1654 2548 1710 et

368 1755 675 1817 historicis
739 1760 801 1817 et
862 1752 1244 1833 oratoribus,
1307 1754 1584 1834 inspexit.
1687 1752 1751 1814 ln
1818 1753 2031 1817 tabulis
2087 1755 2323 1836 quidem
2386 1757 2545 1838 apud

373 1863 704 1926 Clintonem
745 1862 823 1925 ad
864 1880 920 1925 a.
962 1861 1105 1923 444.
1145 1862 1302 1925 haec
1335 1861 1651 1943 leguntur:
1695 1862 2027 1941 ᾖ1111111881111,
2073 1863 2441 1928 Parmenidis
2484 1871 2548 1929 et

368 1971 654 2035 Heracliti
692 1970 1014 2052 discipulus
1031 2016 1051 2049 ‚
1106 1971 1324 2034 floruit.
1404 1970 1601 2033 Laert.
1647 1970 1747 2034 IX.
1790 1970 1892 2037 24.
1934 2007 2019 2021 --
2063 1971 2209 2035 Item
2247 1973 2547 2056 Protago-

363 2098 488 2144 ras.
531 2080 729 2143 Laert.
749 2080 848 2143 lx.
873 2077 974 2142 56.
995 2085 1080 2129 ·-'-
1097 2078 1191 2141 Ex
1213 2078 1329 2141 bac
1354 2080 1593 2141 ratione
1619 2079 1859 2141 circiter
1881 2076 2028 2148 404.
2060 2080 2280 2144 obierit
2320 2081 2549 2164 aliquot

346 2191 541 2252 -annis
603 2194 743 2252 ante
784 2188 1053 2253 Socratis
1112 2192 1385 2251 mortem.
1456 2186 1589 2253 Sed
1629 2186 1708 2249 de
1748 2186 2222 2268 difficultatibuS‚
2279 2206 2434 2269 quae
2473 2191 2550 2270 111,

363 2297 731 2380 Protagorae
783 2302 977 2359 morte
1036 2295 1303 2359 notanda
1372 2312 1443 2359 se
1495 2294 1795 2371 offerunt,
1861 2314 1924 2360 ν.
1961 2295 2235 2377 Append.
2282 2314 2337 2359 c.
2381 2295 2543 2362 XXI.

367 2405 622 2471 Athenis
651 2404 859 2469 sedem
901 2404 1161 2477 habebat
1201 2402 1344 2472 422.
1386 2403 1499 2467 cfr.
1539 2422 1595 2467 a.
1623 2405 1803 2467 422ss
1885 2405 2251 2487 Appendicis
2290 2423 2440 2470 vero
2478 2408 2543 2471 in

369 2520 546 2594 caput
590 2513 748 2577 XXI.
809 2512 1360 2594 disputatiunculam
1420 2514 1714 2591 inseruit,
1782 2531 1940 2594 quae
2002 2513 2080 2576 ad
2140 2514 2301 2578 hunc
2362 2514 2542 2582 finam

364 2622 562 2685 redit:
631 2621 945 2703 „Fortasse
1010 2621 1362 2683 tutissimum
1426 2627 1521 2683 est
1584 2626 1847 2684 statuere
1910 2622 2298 2703 Protagoram
2364 2622 2543 2704 paulo

367 2736 508 2793 anle
560 2746 734 2810 quam
772 2730 1080 2791 Socratem
1120 2736 1412 2790 mortuum
1470 2745 1612 2790 esse
1668 2735 1728 2791 et
1788 2725 2032 2792 circiter
2092 2729 2303 2795 decem
2366 2733 2542 2795 annis

365 2840 654 2901 maiorem
700 2837 888 2900 fuisse
943 2853 1118 2917 quam
1160 2837 1566 2899 Democritum
1623 2844 1936 2917 patronum
1991 2841 2188 2917 eius“‚
2248 2857 2422 2920 quem
2480 2846 2546 2904 et

369 2949 504 3028 ipse
577 2962 737 3008 anno
793 2942 938 3008 460.
1018 2950 1223 3010 natum
1282 2961 1423 3007 esse
1497 2951 1716 3008 statuit.
1826 2944 2321 3027 Quandoquidem
2394 2964 2546 3013 vero

372 3072 534 3118 anno
592 3055 784 3135 primo
843 3052 1196 3135 olympiadis
1256 3053 1690 3135 nonagesimae
1742 3055 2022 3135 quintae,
2085 3056 2187 3137 qui
2247 3062 2343 3121 est
2404 3064 2545 3120 ante
2626 3121 2633 3128 ,

377 3163 517 3228 Chr.
580 3170 702 3226 nat.
757 3162 884 3233 400
915 3209 934 3242 ,
1002 3163 1101 3224 vel
1163 3163 1523 3229 secundum.
1560 3162 1851 3227 Clintonis
1905 3164 2205 3227 rationem
2269 3164 2546 3249 Thai-go-

384 3272 551 3335 lione
595 3272 734 3333 anni
778 3270 927 3335 399.
968 3270 1255 3334 Socrates
1297 3285 1592 3333 venenum
1633 3270 1844 3334 bibere
1886 3279 2135 3336 coactus
2177 3279 2309 3352 est,
2346 3273 2550 3336 Herb-

367 3383 466 3444 stii
487 3427 506 3459 ‚
548 3382 649 3460 qui
696 3380 862 3442 circa
903 3378 1060 3441 idem
1109 3385 1339 3460 tempus
1381 3386 1440 3441 et
1497 3381 1807 3443 Socratem
1850 3386 1911 3443 et
1947 3380 2335 3464 Protagoram
2374 3399 2543 3446 mor..

377 3496 515 3552 tuos
556 3504 694 3551 esse
757 3486 906 3549 dicit
954 3486 1107 3563 (vid.
1158 3497 1218 3566 §-
1244 3488 1338 3563 5.)
1361 3532 1380 3565 ,
1421 3492 1483 3548 et
1520 3484 1808 3550 clintonis
1849 3491 2187 3553 sententiae
2232 3489 2549 3569 paullulum

376 3598 683 3661 dumtaxat
734 3612 770 3658 a
790 3629 798 3640 =
819 3594 1205 3658 Boeckhiana
1252 3594 1611 3676 discrepant.
1703 3596 1903 3677 Atque
1953 3596 2039 3660 ita
2076 3596 2313 3679 quidem
2353 3597 2547 3664 Cliuto

373 3723 514 3787 pag.
538 3705 682 3768 377.
734 3703 832 3767 ed.
877 3702 1098 3786 Krueg.
1143 3709 1344 3768 annot.
1378 3722 1448 3766 c:
2419 3684 2423 3689 ’

544 3814 965 3896 „Protagoram
1021 3847 1104 3862 —-
1159 3819 1360 3876 natum
1425 3828 1565 3873 esse
1620 3810 1899 3875 statueris
1961 3811 2203 3876 circiter
2255 3811 2380 3878 470
2402 3860 2421 3895 ,
2483 3823 2552 3880 ut

376 3905 586 4004 decem
624 3923 798 3985 annis
841 3923 1036 3985 maior
1080 3920 1262 3985 fuerit
1302 3919 1648 3985 Democrito
1671 3966 1692 4000 ‚
1754 3922 1853 4001 qui
1912 3938 2048 3985 eum
2101 3924 2165 3985 in
2202 3922 2373 3988 libris
2419 3925 2547 3988 suis

372 4035 833 4094 memoraverat.
934 4029 1134 4092 Laert-
1175 4028 1276 4091 lx.
1334 4031 1453 4092 42:
1522 4025 2009 4120 (Δημόκριτος)
2068 4031 2405 4114 μέμνηται
2441 4032 2547 4119 [δὲ

238 4215 247 4224 -
372 4138 504 4218 καί]
551 4138 660 4218 τῆς
710 4135 859 4218 περὶ
896 4140 1009 4199 τοῦ
1054 4130 1188 4210 ἐνὸς
1237 4133 1414 4218 δόξης
1455 4136 1581 4199 τῶν
1622 4134 1770 4219 περὶ
1806 4138 2222 4222 Παρμενίδην
2271 4141 2382 4201 καὶ
2418 4136 2551 4222 Ζή-

373 4266 584 4325 vaura,
641 4241 725 4316 ὥς
767 4246 895 4307 κατ’
943 4241 1129 4306 αὐτὸν
1167 4242 1446 4323 μάλιστα
1489 4244 2034 4327 διαβεβοημένων·
2116 4247 2225 4308 καί
2265 4248 2550 4329 Πρωτα-

377 4345 538 4432 yona
584 4355 700 4415 τοῦ
741 4350 1105 4437 Ἀβδηρίτου
1129 4400 1147 4433 ‚
1186 4347 1254 4424 ὃς
1289 4347 1688 4433 ὁμολογεῖται
1729 4349 1889 4418 κατὰ
1929 4349 2271 4436 Σωκράτην
2304 4355 2553 4434 mord.
