2975 4959
1198 266 1816 333 *Ut—-

392 453 490 515 die
539 454 715 513 letzte
758 448 1094 530 Erktarung
1138 464 1210 509 zu
1253 448 1360 510 des
1402 448 1834 527 Aristophanes
1880 436 2171 508 Wolken“
2212 454 2271 508 et
2297 466 2349 528 q.
2385 458 2553 527 seqq.

386 560 647 639 Platonis
695 559 852 619 enim
900 556 1037 617 loco
1081 558 1360 619 Socrates
1401 555 1714 616 Menonem
1760 573 1979 634 cupere
2022 557 2105 615 ait
2148 556 2279 616 eius
2327 557 2557 617 virtutis

383 675 442 730 et
485 668 815 746 sapientiae
866 664 1211 745 participem
1267 664 1434 741 fieri,
1491 654 1535 748 ᾗ
1580 656 1904 745 ἄνθρωποι
1939 662 2065 736 ’τάς
2104 684 2166 724 τε
2212 648 2410 734 οἰκὼς
2452 664 2560 723 καί

381 774 494 847 τὰς
539 774 749 846 πόλεις
792 774 991 845 καλῶς
1026 771 1336 836 ὸῗιόιιὲοῦσι
1377 768 1484 831 καί
1520 766 1663 842 τούς
1709 769 1925 866 γονεῖας
1978 767 2125 843 τούς
2182 769 2387 830 αὐτῶν
2447 771 2559 828 θε-

389 879 762 962 ραπεύουσι,
807 878 916 941 καί
955 880 1208 953 πολίτας
1255 878 1363 955 καί
1394 870 1613 953 Δ’ξένους
1654 877 2089 953 ὑποδέξασθαι
2132 877 2241 938 καί
2282 877 2562 954 ‹inanip-

280 982 322 1017 ·’
391 1005 515 1067 ψαι
565 986 930 1049 ἐπίστανται
966 984 1150 1059 ἄξι’ως
1197 983 1426 1065 ἄνδρός
1469 977 1755 1066 ἆγαθοῦε
1808 995 1868 1046 et
1916 989 2116 1066 Anyto
2160 987 2260 1066 qui
2304 985 2421 1045 sint
2456 982 2565 1062 vqui

394 1096 534 1157 talia
575 1096 797 1155 docere
832 1094 1235 1178 :profiteantur
1270 1096 1587 1174 quaerenti
1651 1095 2008 1173 respondet:
2068 1088 2276 1157 Οἶσθα
2319 1086 2394 1172 δή
2440 1111 2562 1150 που

383 1201 493 1264 καί
530 1200 634 1277 σύ,
683 1196 779 1263 ὅτι
821 1193 998 1262 οὗτοί
1028 1202 1187 1263 εἰσιν
1226 1186 1394 1281 ὀὶόυς
1439 1200 1497 1264 οἱ
1541 1194 1867 1283 ἅνθρωποι
1909 1205 2169 1265 καλοῦσι
2212 1192 2557 1281 σοφιστάςι

382 1327 672 1390 nusquam
730 1326 878 1369 vero
922 1308 1282 1388 Protagoras
1339 1327 1408 1371 se
1463 1310 1619 1371 filios
1661 1311 1882 1389 pietate
1945 1325 2089 1391 erga
2137 1314 2414 1388 parentes
2452 1308 2559 1367 in·-

388 1426 622 1480 struere
668 1419 978 1498 protessus
1019 1417 1252 1494 dicitur.
1321 1419 1438 1482 Sed
1480 1418 1810 1491 luculenter
1851 1418 1950 1480 hic
1990 1418 2161 1479 locus
2202 1415 2438 1477 confert
2480 1414 2558 1476 ad

386 1527 796 1589 illustrandam
843 1522 1105 1611 Herhstii
1145 1527 1473 1603 rationem,
1517 1528 1615 1608 qui
1663 1528 1873 1606 quibus
1914 1528 1994 1589 uti
2038 1534 2246 1608 posset
2285 1525 2361 1586 ad
2391 1524 2555 1586 Pro-

383 1641 652 1715 tagoram
697 1625 987 1694 conviciis
1027 1626 1438 1695 cumulandum
1490 1635 1687 1696 omnia
1733 1635 1992 1715 undique
2023 1635 2294 1695 corrasit.
2342 1632 2550 1706 Quan-

381 1760 554 1821 quam
601 1738 755 1801 eni'm
782 1749 1028 1802 ‘certum
1052 1742 1413 1823 Protagorae
1458 1742 1742 1804 indicium
1773 1743 1830 1804 in
1854 1743 2111 1804 Platonis
2151 1742 2353 1815 verbis
2394 1740 2553 1807 inest

384 1849 624 1926 nullum‚·
662 1849 972 1910 Herbstius
1015 1866 1135 1910 non
1178 1848 1357 1910 modo
1408 1850 1634 1911 liberos
1677 1851 1893 1929 pietate
1939 1850 2272 1911 exornandi
2318 1852 2378 1911 in
2424 1851 2553 1929 pri-

377 1958 581 2018 mariis
623 1963 915 2017 memorat
959 1955 1109 2017 illius
1149 1956 1667 2047 professionibu8‚
1722 1957 1835 2019 sed
1892 1958 2066 2018 etiam
2132 1957 2390 2028 πολίτας
2443 1959 2552 2018 καὶ

377 2068 587 2142 ξένους
633 2063 1059 2140 ὑποδέξασθαι
1107 2067 1216 2126 καί
1254 2062 1628 2142 α’ποπέμψαι
1677 2063 1870 2148 ἀξίως
1910 2062 2136 2147 α’νὸρός
2178 2066 2428 2145 α’γαθοῦ
2471 2064 2551 2125 ad

377 2174 765 2253 Protagoram
809 2171 996 2233 refert
1037 2190 1174 2253 pag.
1217 2172 1376 2233 132:
1436 2172 1753 2251 „Zugleich
1799 2173 1997 2235 wollte
2052 2191 2121 2234 er
2169 2175 2260 2234 sie
2305 2174 2365 2234 in
2412 2174 2547 2233 dem

375 2281 567 2342 freicn
609 2279 908 2360 Betragen
947 2297 1144 2360 gegen
1192 2280 1425 2361 Biirger
1465 2280 1697 2343 sowohl
1744 2282 1859 2342 wie
1902 2296 2101 2362 gegen
2137 2281 2407 2358 Fremde,
2451 2279 2548 2341 ffir

380 2386 486 2453 die,
522 2405 588 2448 er
632 2388 959 2464 naturlich,
1021 2387 1206 2449 selbst
1247 2384 1344 2448 ein
1383 2388 1702 2466 Fremder,
1760 2407 1985 2469 sorgen
2026 2395 2247 2451 musste
2272 2435 2291 2463 ‚
2333 2396 2545 2449 unter-

379 2494 636 2572 richten,
678 2497 767 2555 sie
813 2497 918 2556 mit
958 2494 1156 2557 Ehren
1197 2514 1271 2557 zu
1311 2496 1668 2577 empfangen
1708 2497 1829 2558 und
1867 2515 1941 2558 zu
1982 2497 2298 2577 geleiten.“
2384 2478 2545 2559 Plato

374 2604 532 2664 inter
597 2603 993 2682 sophistarum
1065 2612 1227 2667 artes
1288 2622 1613 2665 recensere
1678 2606 1865 2685 potuit
1928 2594 2323 2685 quodcunque
2387 2622 2545 2667 unus

375 2729 581 2772 eorum
625 2713 753 2772 sive
800 2713 1059 2791 priorum
1103 2715 1231 2773 sive
1270 2714 1668 2792 posteriorum
1708 2713 2011 2793 discipulis
2053 2713 2394 2775 tradiderat.
2477 2714 2543 2778 Si

374 2821 505 2899 quis
563 2835 708 2880 vero
753 2826 1167 2898 quaecunque,
1201 2819 1278 2880 de
1336 2819 1621 2899 sophistis
1663 2824 1995 2897 ¹‘narrantur
2050 2824 2111 2883 in
2158 2820 2542 2901 Protagoram

377 2927 656 2987 conferre
676 2928 837 3007 velit,
882 2929 1088 2989 mirum
1112 2935 1358 3019 quantas
1389 2932 1441 2990 is
1464 2929 1831 2991 turbationes
1859 2931 2361 3009 oonl‘usionesque
2405 2947 2544 2990 mo·-

373 3041 531 3096 veat.
616 3035 790 3108 Quod
847 3054 993 3098 vero
1038 3037 1347 3099 Herbstius
1406 3055 1484 3099 ex
1521 3038 1633 3099 his
1676 3039 1932 3100 Platonis
1989 3040 2188 3101 verbis
2225 3042 2538 3100 'summam

380 3143 630 3205 Nubium
676 3145 1167 3224 Aristophaneae·
1197 3147 1651 3225 explicationem
1698 3149 1953 3227 repetiit,
1985 3148 2060 3213 ›td
2102 3148 2176 3209 ab
2206 3148 2543 3210 Hermanno

371 3249 678 3328 explosum
720 3257 811 3312 est
847 3270 981 3333 pag.
1004 3252 1146 3313 374.
1177 3260 1236 3315 et
1256 3254 1395 3319 375.
1441 3255 1789 3316 Gerlachius
1818 3255 2082 3335 denique
2116 3273 2270 3336 quae
2310 3257 2540 3334 profert

365 3375 503 3436 pag.
517 3358 612 3418 94.
639 3365 838 3418 annot.
865 3365 926 3437 1²
948 3361 1196 3438 „Suidas
1214 3378 1262 3422 s.
1288 3381 1340 3425 v.
1362 3363 1721 3444 Protagoras
1739 3363 2072 3441 hehauptet‚
2091 3361 2366 3422 derselbe
2381 3361 2537 3422 habe

381 3463 568 3525 durch
592 3465 689 3526 die
715 3465 1086 3547 niedrigsten
1105 3469 1286 3530 Mittel
1313 3469 1409 3531 die
1428 3471 1571 3532 Zahl
1597 3473 1799 3532 seiner
1820 3470 2066 3533 Schiiler
2084 3487 2157 3530 zu
2182 3468 2540 3537 vermehren

331 3650 335 3657 ἦ
372 3573 683 3654 gesucht“,
729 3575 940 3655 quibus
982 3577 1241 3640 nitantur
1261 3578 1479 3642 Suidae
1507 3580 1707 3641 verbis
1739 3556 2173 3660 vix⁸quisquam
2195 3579 2548 3660 perspiciat.
2595 3626 2600 3631 .

1217 3831 1521 3883 cAPlJ'r
1562 3833 1673 3884 11.

531 3992 623 4057 Ex
665 3993 738 4054 iis
779 3998 877 4075 qui
919 3997 1322 4079 Protagoreae
1369 3998 1717 4079 disciplinae
1755 3986 2074 4078 participes
2117 3997 2259 4059 facti
2304 4003 2459 4074 sunt,
2500 4014 2538 4058 a

363 4080 664 4159 ueteribus
704 4112 1103 4184 memorantur
1144 4106 1320 4167 hice:

530 4207 584 4268 A
604 4225 643 4266 n
664 4209 787 4269 tim
810 4228 846 4270 o
864 4229 898 4271 e
919 4230 949 4271 r
970 4229 1006 4271 u
1031 4229 1059 4272 s
1089 4213 1436 4289 mandarem,
1481 4215 1740 4275 omnium
1766 4215 2127 4293 Protagorae
2172 4217 2535 4277 sectatorum

368 4311 773 4389 clarissimuS‚
831 4320 930 4398 qui
970 4319 1075 4382 ἐπὶ
1115 4323 1293 4404 τέχνῃ
1341 4320 1564 4389 didicit„
1595 4322 1725 4401 ipse
1781 4321 2046 4402 sophista
2086 4315 2542 4395 futurusrl‘lata
