2975 4959
1256 312 1820 384 -68—-.

419 501 541 565 hoc
578 502 821 564 nomine
872 498 1211 564 celebratus
1268 507 1438 580 erat,
1490 506 1555 563 ut
1598 499 1759 563 Crito
1800 497 1953 561 libro
1995 513 2108 560 suo
2152 496 2327 560 alicui
2368 497 2583 563 inseri..

417 611 589 675 beret
628 606 1069 692 Πρωταγόρας
1113 604 1150 691 ἢ
1192 609 1534 682 Πολιτικός
1576 610 1784 689 (Diog.
1825 606 2017 670 Laert.
2051 606 2152 669 lib.
2190 607 2259 673 ΙΙ.
2306 617 2363 686 5.
2393 609 2584 685 1213.

418 721 509 781 De
552 718 666 780 hac
705 719 900 806 igitur.
931 736 1001 780 re
1041 715 1182 779 nihil
1229 723 1324 779 est
1364 715 1545 798 quod‘
1570 716 1918 779 dubitemus.
1955 774 1962 782 .

587 825 760 898 Quod
799 824 877 887 ad
919 825 1086 905 leges
1127 825 1402 887 Thurinis
1449 822 1801 885 scribendas
1842 823 2068 884 electus
2113 839 2147 883 a
2180 820 2408 884 Pericle
2450 838 2581 883 cum

421 933 654 996 colonis
721 935 780 995 in
825 932 1044 995 ltaliam
1103 932 1316 993 missus
1358 939 1489 1006 est,
1556 938 1777 994 certum
1823 936 1915 993 est
1955 930 2275 1008 indicium,
2318 931 2435 992 iam
2479 930 2580 993 illo

418 1050 687 1123 tempore
732 1043 1113 1124 Protagoram
1166 1041 1476 1103 doctrinae
1520 1047 1582 1102 et
1625 1040 1914 1132 acuminis
1956 1038 2115 1100 fama
2160 1057 2338 1119 quam
2378 1039 2577 1101 maxi..

416 1168 515 1213 me
558 1152 858 1232 viguisse,
931 1155 1008 1212 ut·
1051 1148 1455 1229 Apollodorus
1501 1147 1680 1211 tradit
1743 1147 2273 1239 apudssDiogenem
2331 1148 2435 1209 lib.
2478 1147 2580 1209 IX.

417 1266 478 1334 §-
540 1260 663 1336 56,
728 1258 1021 1321 Eusebius
1090 1257 1307 1320 Chron.
1379 1256 1470 1323 01.
1516 1255 1827 1320 LXXXIV.
1899 1274 1952 1319 a.
2016 1258 2074 1318 2.
2143 1262 2205 1319 et
2267 1254 2579 1337 Syncellus

420 1367 756 1449 Chronogr.
801 1385 937 1464 pag.
983 1366 1127 1429 248.
1175 1367 1264 1428 A:
1328 1383 1527 1447 neque
1568 1383 1752 1444 vero,
1814 1367 1870 1428 id
1913 1365 2070 1447 quod
2115 1364 2427 1428 Herbstius
2465 1381 2587 1428 no-

411 1475 507 1538 bis
577 1474 943 1555 persuadere
1002 1481 1252 1537 conatus
1319 1480 1454 1551 est,
1515 1474 1678 1537 circa
1741 1474 2137 1554 olympiadem
2195 1479 2458 1553 quartam
2520 1478 2582 1535 et

412 1584 849 1664 octogesimam
912 1583 1184 1663 vigorem
1253 1581 1384 1643 eius
1441 1583 1691 1663 primum
1749 1582 1981 1645 demum
2036 1580 2298 1668 cepissex
2326 1580 2580 1645 initium.

411 1690 482 1755 ln
527 1692 686 1753 hanc
751 1696 1006 1753 aetatem
1066 1689 1245 1753 etiam
1301 1690 1552 1772 Hippiae
1611 1692 1804 1754 ποτέ
1863 1689 2084 1754 cadere
2142 1689 2378 1754 videtur
2439 1690 2580 1754 Plat.

408 1799 578 1879 Hipp.
625 1799 762 1861 mai.
803 1815 940 1880 pag.
982 1797 1123 1862 282.
1167 1798 1257 1862 D:
1314 1794 1737 1882 Ἀφικόμενος
1796 1797 1867 1861 δέ
1929 1820 2081 1860 ποτε
2137 1799 2228 1873 εἰς
2294 1799 2585 1862 Σικελίαν

409 1903 853 1987 Πρωταγόρου
894 1900 1125 1969 αὐτόθι
1167 1900 1619 1988 ἐπιδημοῦντος
1657 1901 1769 1967 καὶ
1807 1905 2304 1984 εὐδοκιμοῦντος.
2386 1906 2585 1986 Atque

412 2031 547 2075 cum
592 2016 725 2095 ipso
767 2012 867 2076 illo
909 2019 1177 2093 tempore
1216 2012 1278 2074 in
1322 2009 1526 2075 Sicilia
1573 2011 1954 2093 eloquentiae
1999 2028 2098 2074 ars
2151 2029 2370 2076 recens
2424 2029 2583 2075 con-

413 2123 534 2185 dita
576 2122 854 2202 floreret,
926 2139 1047 2186 non
1094 2103 1296 2185 dubito
1340 2122 1479 2202 quin
1522 2138 1598 2184 eo
1641 2121 1919 2185 libentius
1962 2123 2326 2204 Protagoras
2368 2138 2580 2185 munus

413 2250 448 2293 a
493 2231 720 2296 Pericle
757 2231 873 2295 sibi
915 2230 1251 2293 mandatum
1293 2231 1630 2310 susceperit
1689 2230 1788 2293 vel
1848 2231 2105 2293 fortasse
2149 2237 2215 2293 ut
2257 2230 2583 2294 mandare-

413 2347 509 2404 tur
547 2340 993 2421 impetraverit,
1047 2345 1110 2401 ut
1149 2339 1410 2421 Gorgiae
1457 2345 1520 2401 et
1558 2339 1796 2418 Tisiae‚
1856 2355 2104 2419 quorum
2147 2342 2287 2401 tunc
2328 2338 2585 2402 maxime

411 2447 667 2510 florebat
697 2449 855 2510 inter
881 2447 1114 2509 Siculos
1153 2446 1329 2526 fama,
1371 2454 1823 2527 praeceptorum
1863 2448 2161 2528 particeps
2203 2445 2391 2510 fieret.
2446 2446 2582 2527 lpse

415 2555 576 2617 enim
622 2555 743 2617 iam
788 2559 961 2616 antea
1005 2553 1241 2644 quidem
1282 2553 1675 2634 eloquentiam
1719 2555 2008 2618 docuerat
2048 2555 2370 2635 discipulos
2397 2602 2416 2634 ‚
2469 2555 2582 2618 sed

415 2680 539 2726 non
579 2663 654 2725 ad
699 2681 871 2725 unam
916 2663 1212 2743 quandam
1259 2670 1479 2725 certam
1527 2663 1850 2741 rationem,
1892 2671 1957 2726 ut
1994 2664 2194 2726 Corax
2232 2664 2583 2745 Tisiasque:

416 2773 588 2835 locos
630 2788 976 2834 communes
1016 2778 1077 2835 et
1115 2789 1312 2836 rerum
1355 2770 1662 2834 illustrium
1722 2771 1931 2835 laudes
1997 2774 2582 2854 vituperationesque

419 2873 763 2961 scripserat,
810 2881 1021 2961 quibus
1058 2882 1157 2960 qui
1203 2882 1511 2943 orationes
1553 2880 1846 2943 haberent
1881 2886 2206 2950 uterentur.
2290 2881 2410 2944 Cfr.
2457 2881 2583 2946 Cic.

417 2988 577 3051 Brut.
621 2987 816 3049 locum
859 3005 994 3068 pag.
1039 2986 1143 3050 41.
1187 2995 1247 3050 et
1282 3006 1341 3068 q.
1385 3005 1552 3069 seqq.
1600 2995 1932 3051 tractatum.

552 3095 723 3157 Circa
766 3113 986 3157 annum
1011 3096 1150 3158 435.
1174 3097 1441 3158 Athenas
1466 3098 1790 3160 revertisse
1817 3097 2070 3160 videtur.
2116 3098 2303 3172 Quam
2332 3106 2588 3163 senten-

419 3205 560 3266 tiam
604 3210 778 3265 erunt
822 3204 1079 3266 fortasse
1117 3206 1218 3287 qui
1261 3206 1576 3268 mirentur:
1621 3224 1813 3287 neque
1843 3208 2236 3269 certissimam
2265 3224 2383 3290 ego
2408 3214 2586 3290 atque

419 3312 814 3375 firmissimam
854 3315 952 3374 aio
1001 3329 1138 3375 esse
1164 3359 1182 3392 ,
1220 3312 1331 3375 sed
1372 3314 1529 3377 adeo
1571 3314 1940 3396 probabilem
1967 3322 2092 3394 ,.ut
2129 3317 2231 3378 vix
2274 3315 2510 3379 multum
2551 3332 2587 3377 a

419 3439 569 3483 vero
611 3420 852 3484 differre
893 3423 1101 3502 possit.
1185 3421 1411 3485 Eadem
1451 3429 1547 3486 est
1588 3423 1739 3487 haec
1779 3425 2050 3506 quaestio
2093 3430 2269 3506 atque
2310 3424 2431 3502 illa,
2468 3439 2588 3506 quo

422 3537 690 3610 tempore
733 3530 1005 3612 dialogus
1049 3530 1147 3612 qui
1190 3531 1582 3613 Protagoras·
1614 3538 1706 3595 est
1758 3533 2075 3613 inscriptus
2115 3552 2149 3595 a
2189 3533 2433 3596 Platone
2471 3531 2590 3595 ha-

425 3637 583 3701 bitus
643 3638 937 3721 fingatur,
998 3656 1132 3701 cum
1180 3640 1387 3719 paucis
1449 3639 1661 3701 diebus
1722 3647 1900 3703 antea
1941 3641 2326 3722 Protagoram
2374 3641 2587 3704 iterum

428 3745 700 3807 Athenas
747 3749 988 3810 venisse
1044 3747 1174 3827 ipso
1227 3747 1355 3809 hoc‘
1388 3748 1630 3829 dialogo
1676 3747 1901 3812 diserte
1940 3748 2263 3828 iudicatum
2299 3749 2407 3812 sit:
2466 3748 2587 3812 vid.

427 3869 564 3933 pag.
609 3851 749 3915 309.
795 3854 882 3916 D:
926 3858 1073 3937 {1312
1105 3844 1187 3918 ’Ὠ
1225 3858 1296 3917 τί
1334 3857 1561 3935 λέγεις;
1609 3855 2050 3939 Πρωταγόρας
2089 3852 2590 3940 ἐπιδεδήμηκεν;

427 3958 560 4022 ΕΩ.
629 3960 853 4041 Τρίτην
893 3981 961 4039 γε
1002 3952 1124 4044 ἤδη
1161 3956 1431 4043 ἡμέραν.
1466 3998 1546 4012 —-
1587 3962 1700 4026 Per
1751 3970 2111 4044 postremam
2151 3963 2393 4027 Periclis
2435 3964 2597 4027 vitae

429 4070 658 4146 partem
713 4073 839 4128 arta
885 4068 1013 4129 eius
1078 4072 1369 4133 societate
1411 4088 1485 4133 ac
1529 4071 1924 4134 familiaritate
1976 4072 2360 4154 Protagoram
2421 4090 2592 4136 usum

430 4191 567 4235 esse
625 4191 703 4236 ex
758 4175 894 4264 loco
954 4193 1126 4256 quem
1186 4178 1367 4240 modo
1425 4179 1663 4242 laudavi
1719 4179 2036 4244 manifesto
2100 4188 2386 4262 apparet,
2451 4179 2594 4242 Plut.

431 4281 668 4344 consol.
712 4283 787 4345 ad
809 4283 1005 4364 Apoll.
1047 4302 1177 4365 cap.
1199 4285 1463 4349 XXXlll.
1525 4288 1704 4351 Anno
1745 4286 1888 4351 429.
1933 4291 2112 4372 igitur
2154 4290 2406 4352 Athenis
2449 4286 2595 4349 fuit:

420 4390 540 4453 hoc
585 4393 740 4455 enim
785 4409 944 4456 anno
988 4399 1049 4456 et
1088 4393 1190 4456 filii
1233 4395 1409 4457 ambo
1440 4401 1502 4457 et
1528 4402 1699 4477 pater
1718 4397 2055 4479 pestilentia
2077 4404 2213 4462 sunt
2237 4397 2485 4478 abrepti.
2523 4393 2592 4458 In
