2975 4959
1296 284 1386 294 ....
1427 248 1536 340 „⁴8
1639 281 1731 294 ..-

447 433 610 497 attuli
652 433 1019 517 aequalibus,
1061 449 1313 513 eamque
1360 434 1703 514 opinionem
1746 432 2152 515 pervulgatam
2210 440 2351 496 tunc
2395 435 2631 514 lateque

434 543 707 605 diffusam
772 542 976 604 fuisse.
1087 542 1286 615 Quare
1354 540 1625 622 plerique
1685 543 2098 606 recentiorum·
2159 557 2193 603 a
2264 542 2617 605 Philostrato

433 652 824 731 Protagoram
882 667 1012 711 cum
1055 647 1401 710 Democrito
1463 655 1872 729 permutatum.
1907 666 2045 710 esse
2114 655 2489 729 statuerunt,
2550 657 2615 714 ut

437 760 775 846 Bruckerus
824 759 1032 821 histor.
1083 759 1214 820 crit.
1275 758 1485 838 philos
1534 747 1677 821 tom.
1719 760 1763 821 1.
1809 778 1866 839 p.
1914 759 2108 835 1202,
2166 757 2472 820 Harlesius
2530 759 2606 820 ad

431 868 687 931 Fabricii
729 867 995 956 biblioth.
1039 887 1132 952 gr.
1177 874 1319 930 tom.
1365 867 1435 929 11.
1480 885 1619 949 pag.
1661 866 1805 946 669,
1847 868 2085 930 Geelius
2125 885 2265 949 pag.
2313 867 2415 944 70,
2461 868 2610 930 Gei-

208 949 213 953 ’
312 1053 317 1058 ³
427 977 574 1037 stius
620 994 757 1057 pag.
810 978 924 1052 11,
960 976 1024 1039 C.
1068 978 1159 1039 Fr.
1206 977 1579 1038 Hermaunus
1623 975 1723 1037 lib.
1767 975 1810 1037 1.
1856 993 1995 1056 pag.
2040 976 2184 1038 510.
2235 981 2440 1037 annot.
2492 977 2595 1038 30.

432 1083 641 1163 Neque
692 1083 948 1146 dubitari
989 1090 1203 1165 potest,
1243 1084 1383 1164 quin
1405 1100 1610 1145 rumor
1648 1082 1746 1144 ille
1778 1083 1854 1144 de
1874 1083 2201 1146 Democriti
2247 1073 2379 1145 cum
2418 1085 2612 1165 magis

433 1191 868 1256 consuetudine
911 1192 1213 1271 patrisque
1257 1208 1390 1252 cum
1436 1191 1746 1252 Persarum
1789 1207 1938 1272 rege
1984 1190 2240 1252 amicilia
2281 1191 2342 1252 in
2392 1192 2606 1271 vulgus

435 1306 581 1362 tunc
645 1300 931 1380 temporis
996 1306 1173 1361 notus
1235 1300 1435 1364 animo
1484 1298 1837 1360 obversatus
1896 1299 1974 1360 sit
2015 1299 2350 1361 Philostrati
2393 1298 2610 1361 Prota·-

431 1426 624 1497 gorae
665 1411 844 1471 vitam
888 1408 1243 1484 scribentiS‚
1286 1414 1347 1470 et
1391 1409 1680 1470 memoria
1721 1409 1773 1470 is
1810 1408 2011 1488 lapsus
2058 1408 2132 1469 de
2174 1407 2292 1472 hoc
2336 1410 2609 1489 scripse·-

433 1519 549 1595 rit,
605 1518 763 1599 quod
825 1519 1010 1580 ceteri
1056 1518 1132 1579 de
1177 1516 1298 1579 illo.
1384 1517 1505 1580 Sed
1565 1535 1703 1579 num
1766 1536 1908 1592 vera
1969 1519 2047 1579 sit
2102 1519 2434 1580 communis
2491 1520 2604 1580 isla

435 1626 793 1706 scriptorum
836 1624 913 1687 de
958 1626 1304 1707 Democrito
1362 1626 1629 1687 narratio
1673 1643 1921 1701 necne,
1979 1626 2092 1687 alia
2160 1632 2249 1687 est
2311 1625 2605 1705 quaestio.

433 1735 508 1797 Et
550 1735 776 1816 pridem
824 1735 981 1797 enirn
1026 1734 1287 1813 fuerunt,
1328 1737 1425 1816 qui
1467 1754 1687 1797 meram
1736 1734 2008 1796 dicerent
2050 1733 2329 1811 fabulam,
2375 1737 2435 1795 e‘t
2472 1741 2610 1796 sunt

437 1843 614 1904 etiam
658 1860 836 1904 nunc.
896 1842 1358 1920 TiedemannuS,
1405 1843 1501 1905 cui
1540 1845 1653 1904 iam
1690 1842 2131 1923 Hambergerus
2158 1843 2609 1924 (Zuverlassige

433 1948 832 2012 Nachrichten
860 1996 879 2025 ‚
949 1955 1091 2012 tom.
1136 1949 1180 2010 l.
1231 1968 1369 2031 pag.
1423 1951 1558 2013 190.
1601 1957 1661 2010 et
1698 1969 1755 2032 q.
1801 1958 2005 2028 seqq.)
2051 1949 2205 2027 viam
2248 1949 2611 2028 praeiverat,

435 2056 573 2118 libri
619 2058 784 2120 Geist
830 2057 939 2119 der
988 2056 1395 2137 speculativen
1447 2056 1825 2138 Philosophie
1882 2056 2150 2137 inscripti
2195 2063 2333 2117 tom.
2381 2056 2426 2118 l.
2470 2075 2608 2138 pag.

436 2164 579 2231 963.
662 2165 806 2242 „Um
864 2165 960 2226 die
1004 2166 1102 2228 72.
1146 2165 1571 2247 Olympiade“,
1619 2167 1847 2246 inquit,
1891 2164 2092 2244 „ward
2139 2162 2449 2225 D'emokrit
2490 2180 2609 2245 ge-

433 2273 627 2336 boren
694 2275 754 2335 in
816 2274 950 2336 dem
1004 2293 1218 2357 wegen
1265 2275 1618 2337 Albernheit
1670 2275 1789 2337 und
1837 2273 2172 2336 Dummheit
2234 2276 2438 2335 seiner
2484 2278 2606 2335 Be-

434 2380 686 2443 wohner
750 2381 1017 2443 nachher
1075 2400 1147 2444 so
1215 2383 1631 2464 beriichtigten
1697 2383 1962 2444 Abdera.
2071 2382 2336 2444 Friihere
2403 2365 2608 2443 Zeiten

434 2489 655 2549 wissen
700 2506 819 2550 von
871 2488 1099 2549 diesem
1141 2488 1615 2550 Nationalfehler
1660 2487 1895 2549 nichts:
1952 2487 2256 2570 Herodot,
2302 2488 2458 2549 ohne
2498 2505 2611 2549 nur

433 2597 693 2659 cntsernt
751 2597 970 2659 darauf
1004 2597 1386 2677 anzuspielen
1416 2644 1433 2675 ‚
1494 2597 1597 2658 hat
1657 2579 1786 2657 den'
1836 2598 2119 2678 witzigeu
2164 2596 2380 2658 Einfall
2411 2597 2610 2657 *eines

434 2706 763 2768 Abderiten
834 2706 934 2768 bei
1002 2706 1393 2787 Gelegenheit
1458 2706 1568 2768 des
1627 2705 1978 2786 persischen
2047 2705 2436 2786 Durchzuges
2503 2704 2615 2767 der

425 2813 922 2896 ‘Aufbewahrung
982 2798 1146 2875 nicht
1216 2813 1486 2876 unwerth
1556 2814 1881 2896 gesunden.
1992 2812 2159 2875 Noch
2221 2811 2432 2873 mehr:
2503 2812 2613 2874 das

435 2922 625 2984 durch
672 2911 787 2996 den
815 2923 999 3004 Krieg
1038 2924 1142 2984 mit
1165 2923 1354 3004 Cyrus
1390 2921 1764 2986 entviilkerte
1807 2922 2052 2986 Abdera
2096 2939 2226 2985 war
2267 2921 2374 2982 mit
2414 2938 2611 2982 neuen

436 3029 846 3106 Einwohnern
891 3048 998 3092 aus
1043 3021 1626 3109 TeoS,'Anakreons
1661 3030 2072 3104 Geburtsorte,
2118 3029 2348 3091 wieder
2387 3028 2618 3092 besetzt

436 3139 721 3217 worden,
774 3139 1062 3202 wodurch
1111 3142 1168 3202 in
1232 3140 1403 3202 diese
1462 3139 1836 3223 abgelegene
1887 3140 2137 3221 Gegend
2184 3133 2615 3199 zweifelsohne

436 3246 689 3308 Streben
753 3248 907 3312 nach
967 3248 1238 3310 boheren
1291 3248 1695 3309 Kenntnissen
1749 3245 2044 3327 gebracht
2098 3245 2365 3314 wurde„
2411 3244 2615 3308 Daber

440 3356 519 3418 ist
560 3355 724 3416 nicht
765 3353 951 3432 Noth,
996 3355 1101 3415 mit
1133 3354 1433 3436 jungeren
1481 3351 1947 3418 Schrillstellern
1994 3372 2069 3415 zu
2115 3352 2450 3414 Chaldaern
2491 3345 2613 3411 und

434 3462 704 3544 Magiern
754 3464 923 3525 seine
973 3463 1238 3526 Zullucht
1286 3481 1357 3524 zu
1404 3463 1694 3539 nehmen,
1739 3440 1938 3524 um‘in
1984 3460 2293 3523 Demokrit
2334 3459 2617 3521 Wissbc-

436 3572 650 3653 gierde
710 3572 972 3634 hoherer
1016 3571 1126 3632 Art
1181 3570 1523 3630 entziinden
1573 3588 1648 3632 zu
1704 3568 1959 3630 lassen.“
2047 3568 2316 3641 Quocum
2377 3570 2618 3645 praeter

441 3678 593 3741 alios
634 3682 935 3741 consentit
976 3678 1365 3755 Mullachius‚
1429 3679 1527 3758 qui
1573 3678 1898 3740 Democriti
1946 3675 2415 3756 fragmentorum
2480 3672 2620 3735 edi-

441 3789 628 3850 tionis
670 3808 804 3871 pag.
837 3790 933 3852 29.
972 3789 1048 3850 de
1093 3789 1206 3851 hac
1248 3806 1315 3849 re
1360 3789 1440 3850 ita
1484 3788 1757 3850 iudicatz-
1788 3787 1903 3865 „At
1941 3787 2264 3867 largiamur
2285 3780 2619 3859 Bruckero,

444 3896 601 3959 falso
647 3896 764 3958 hoc
810 3897 886 3958 de
924 3898 1252 3979 Protagora
1296 3898 1572 3974 narrari,
1625 3916 1958 3978 quanquam
2000 3911 2302 3978 negamus.
2332 3891 2621 3972 confundi

446 4006 569 4082 hic,
615 4012 677 4067 ut
720 4004 818 4081 ille
863 4008 1005 4083 vult,
1047 4008 1451 4069 Democritum
1489 4013 1549 4068 et
1577 4007 1987 4087 Protagoram,
2028 4002 2304 4083 quoniam
2336 3999 2623 4081 quidquid

444 4112 565 4176 hoc
607 4115 695 4176 rei
744 4120 839 4176 est
887 4115 963 4176 ad
1010 4114 1240 4179 fabulas
1281 4118 1585 4197 pertinere
1624 4115 1804 4177 nobis
1844 4112 2302 4193 persuasimu8.“
2385 4108 2516 4191 Ego
2560 4113 2624 4168 ut

448 4222 717 4284 eiusdem
780 4208 1215 4286 sententiae'a
1275 4223 1593 4287 Mullachio
1654 4242 1790 4305 pag.
1836 4223 1936 4288 38.
1999 4227 2060 4282 et
2116 4238 2172 4301 q.
2229 4237 2395 4300 seqq.
2461 4214 2618 4292 adeo

448 4330 869 4413 confirmatae,
927 4338 989 4395 ut
1032 4331 1225 4409 nullus
1271 4334 1388 4397 iam
1431 4331 1601 4396 locus
1662 4331 1737 4395 sit
1790 4330 2183 4410 dubitationi,
2248 4327 2476 4418 socium
2519 4340 2617 4394 me
