2975 4959
1301 273 1793 346 ...ω-..-

453 469 531 532 Ut
564 485 746 532 unum
785 467 1054 545 afferam,
1101 468 1230 548 ipse
1255 467 1469 536 Cicero
1515 468 1599 545 (si
1622 465 1859 548 quidem
1900 471 1993 529 est
2010 465 2256 545 Cicero)
2285 466 2361 529 de
2389 466 2625 529 lavent.

453 578 554 641 lib.
597 577 668 640 11.
718 594 848 658 cap.
895 575 966 638 ΙΙ.
1014 585 1068 653 §.
1111 574 1173 639 6.
1258 576 1455 639 Tisiae
1515 576 1718 638 tribuit
1779 574 1939 655 quod
1985 574 2199 638 Coraci
2246 574 2623 637 tribuendum

458 691 624 764 erat,
689 684 849 750 illum
891 683 1218 766 principem
1259 692 1436 765 atque
1493 685 1866 747 inventorem
1922 684 2069 747 artis
2110 684 2467 760 nominanS‚
2527 682 2629 763 qui

455 810 526 855 re
584 792 916 855 inventoris
972 791 1080 854 fuit
1144 791 1488 872 discipulus,
1571 791 1647 854 Et
1695 789 2051 854 Aristoteles
2106 791 2309 853 verbis
2367 789 2630 871 quidem,

456 899 653 980 qualia
687 917 724 963 a
770 899 1066 963 Cicerone
1103 897 1511 981 perhibentur,
1553 904 1870 979 antequam
1913 897 2111 960 Corax
2152 905 2214 961 et
2253 898 2445 960 Tisias
2489 896 2627 959 elo-

453 1010 738 1091 quentiae
799 1015 986 1072 artem
1050 1007 1509 1085 condidissent,
1578 1008 1836 1087 scriptas
1901 1006 2089 1069 fuisse
2133 1006 2216 1069 ait
2255 1005 2626 1088 Protagorae

459 1134 661 1181 rerum
719 1116 1028 1181 illustrium
1092 1116 1565 1197 disputationes:
1631 1116 1726 1179 sin
1768 1120 1964 1177 autem
2021 1113 2429 1178 necessarium
2482 1131 2631 1195 spe-

454 1232 585 1288 ctas
645 1242 888 1288 sensum
911 1270 928 1303 ‚
990 1225 1090 1287 hic
1136 1232 1266 1293 est:
1310 1215 1683 1288 communes
1717 1224 1853 1288 illos
1905 1225 2077 1287 locos
2138 1224 2504 1305 Protagorae
2564 1223 2629 1285 in

424 1334 710 1397 *Graecia
753 1334 1053 1399 exstitisse
1114 1336 1273 1396 etin
1329 1351 1440 1395 usu
1497 1332 1720 1410 fuisse,
1769 1332 1981 1396 donec
2017 1332 2216 1395 Tisiao
2272 1348 2434 1394 nova
2492 1336 2623 1394 arte

453 1441 727 1510 Athenas
769 1460 848 1507 ex
887 1443 1087 1507 Sicilia
1138 1441 1424 1504 translata
1464 1441 1547 1504 illi
1592 1441 1990 1505 obsolessent.
2076 1441 2246 1515 Quae
2306 1438 2625 1520 explicatio

449 1566 584 1613 cum
626 1567 825 1631 neque
863 1550 1230 1630 Protagorae
1276 1551 1458 1612 aetati
1495 1556 1810 1632 repugnat,
1852 1556 1974 1613 tum
2014 1567 2094 1612 eo
2122 1566 2359 1630 quoque
2414 1547 2621 1611 firma-

451 1665 566 1736 tur,
612 1659 772 1739 quod
818 1659 1033 1721 Cicero
1087 1645 1458 1739 nequaquam
1504 1662 1629 1739 ipsa
1671 1659 2012 1722 Aristotelis
2052 1659 2239 1721 verba
2279 1658 2339 1720 in
2381 1672 2621 1720 senno-

448 1786 588 1831 nem
629 1769 1197 1831 Latinum'vertisse
1236 1768 1533 1848 putandus
1571 1774 1700 1830 est:
1747 1768 1904 1847 apud
1946 1768 2239 1830 Graecum
2287 1783 2434 1829 vera
2473 1781 2625 1828 sen-

313 1922 325 1932 .
450 1879 637 1940 tentia
675 1876 933 1939 fortasse
970 1876 1176 1940 verbis
1215 1881 1553 1939 accuratius
1595 1878 1906 1957 conceptis
1946 1891 2234 1956 expressa
2276 1880 2425 1937 erat.

615 1984 805 2052 Geelii
842 2002 1081 2065 quoque
1120 1984 1439 2065 disputatio
1478 1984 1786 2065 copiosius
1809 2030 1828 2062 ‚
1891 2002 2062 2065 quam
2104 1983 2232 2063 ipsa
2275 1982 2459 2063 digna
2508 1984 2622 2059 est,

449 2099 581 2156 erat
618 2080 930 2158 tractanda
954 2140 973 2171 ‚
1007 2111 1087 2156 ne
1128 2093 1189 2155 in
1240 2100 1541 2173 posterum
1584 2100 1788 2157 essent
1827 2095 1927 2174 qui
1961 2092 2119 2154 illum
2162 2098 2469 2154 auctorem
2511 2107 2624 2151 se·-

432 2199 805 2286 'quorentun
868 2210 933 2265 ut
991 2202 1524 2266 Winckelmannus
1584 2202 1814 2284 proleg.
1882 2201 1960 2264 ad
2003 2202 2144 2265 Plat.
2180 2198 2432 2280 Euthyd.
2475 2214 2619 2279 pagi

447 2310 718 2374 XXXIX.
780 2318 841 2374 et
885 2311 1298 2376 Stallhaumius
1360 2311 1577 2393 disput.
1641 2311 1719 2374 de
1760 2310 2131 2392 Euthydemo
2175 2308 2435 2372 Platonis
2480 2323 2622 2391 pag.

438 2417 549 2483 63.
593 2425 656 2482 et
697 2417 799 2483 64.

1435 2585 1509 2666 s.
1557 2586 1617 2649 3.

541 2785 555 2828 x
629 2731 697 2795 In
755 2731 1213 2815 Ephemeridum
1270 2734 1474 2798 Litten
1518 2734 1755 2800 lenens.
1803 2732 1980 2801 1809.
2024 2738 2166 2797 tom.
2199 2732 2243 2796 1.
2289 2748 2427 2814 pag.
2472 2728 2613 2824 167.

422 2838 783 2928 βοεοῑὼίιιε
849 2842 1237 2925 Protagoram
1307 2843 1647 2925 olympiade
1703 2844 2097 2925 nonagesima
2164 2847 2371 2923 quarta
2436 2839 2618 2904 vitam

443 2952 720 3030 posuisse
762 2950 913 3016 dicit
951 2953 1244 3033 Diogenis
1287 2952 1505 3016 Laertii
1548 2953 1899 3016 auctoritate
1942 2952 2119 3014 nixus
2141 2997 2162 3030 ‚
2221 2951 2320 3031 qui
2360 2949 2464 3012 lib.
2511 2931 2613 3012 IX.

443 3064 502 3133 s.
526 3057 626 3126 56.
670 3059 998 3125 secundum
1029 3060 1458 3141 Apollodorum
1501 3061 1782 3124 floruisse
1821 3060 1981 3123 illum
2026 3061 2188 3123 circa
2219 3055 2613 3139 olympiadem

445 3168 879 3249 octogesimam
938 3174 1205 3249 quartam
1252 3172 1590 3234 memoriae
1650 3170 1997 3251 prodiderit.
2083 3169 2205 3231 lam
2263 3185 2398 3229 cum
2457 3180 2617 3227 anno

446 3276 756 3338 tricesimo
794 3283 990 3340 aetate
1036 3277 1290 3342 maxime
1329 3277 1631 3359 viguerint
1670 3278 1929 3355 Graeci,
1988 3293 2107 3358 quo
2150 3276 2328 3338 etiam
2373 3272 2618 3355 potissi-

442 3403 600 3448 mum
642 3402 865 3450 uxores
912 3386 1136 3449 ducere
1177 3388 1297 3450 sint
1334 3386 1537 3466 soliti,
1595 3386 1986 3468 Appollodori
2044 3385 2243 3449 verbis
2288 3384 2614 3464 sophistam

441 3495 697 3561 indicari
763 3495 1100 3577 olympiade
1159 3496 1532 3579 octogesima
1597 3503 1806 3577 quarta
1867 3513 2083 3559 annum
2127 3494 2329 3577 egisse
2375 3488 2618 3573 tricesis-

443 3622 643 3681 mum3
714 3606 1115 3686 quoniamque
1176 3607 1550 3687 septuaginta
1615 3621 1726 3685 per
1796 3622 1990 3667 annos
2050 3604 2111 3665 in
2181 3603 2333 3665 vivis
2398 3598 2619 3675 fuerit,

440 3719 735 3775 mortuum
803 3729 942 3777 esse
1006 3715 1400 3794 nonagesima
1468 3719 1698 3794 quarta.
1804 3710 2143 3790 Ἀκμάζειν
2213 3702 2618 3788 (Πρωταγό-

442 3819 610 3901 ραν)
674 3815 829 3882 κατά
886 3816 998 3902 τὴν
1047 3818 1345 3903 τετάρτην
1398 3820 1509 3882 καί
1563 3819 1979 3908 (ἴγδᾳηκοατὴν
2044 3809 2409 3895 ὀλυμπιάδα
2462 3815 2616 3876 Dio-

440 3927 619 4007 genis
658 3926 846 3989 verba
894 3935 1035 3992 sunt
1079 3946 1115 3992 a
1160 3917 1465 3995 Boeckhio
1511 3928 1791 3994 indicata.
1876 3928 2225 4008 Ubicunque
2288 3940 2437 3986 vero
2497 3920 2611 4008 viri

442 4032 692 4096 alicuius
738 4032 1010 4097 doctrina
1070 4043 1274 4098 arteve
1313 4036 1662 4099 excellentis
1706 4034 1910 4119 α’κμῆς
1954 4042 2184 4115 tempus
2231 4052 2265 4096 a
2305 4031 2611 4094 veteribus

441 4148 824 4220 memoratur,
864 4160 988 4205 non
1031 4145 1107 4206 de
1154 4152 1322 4208 certo
1366 4145 1625 4225 quodam
1666 4148 1878 4207 aetatis
1924 4161 2088 4207 anno
2129 4144 2406 4226 cogitare
2446 4140 2609 4217 licet,

302 4265 308 4274 ‘
418 4248 551 4310 sed
592 4245 678 4311 de'
711 4267 787 4312 eo
826 4257 1126 4331 tempore,
1184 4271 1302 4334 quo
1347 4255 1573 4336 ingenii
1617 4255 1828 4334 vigore
1870 4269 2003 4314 cum
2047 4253 2303 4317 maxime
2345 4247 2444 4310 ille
2483 4246 2604 4307 sto-

437 4358 644 4439 ruerit,
688 4358 749 4421 id
791 4338 949 4442 quod
991 4359 1095 4424 alii
1134 4362 1253 4424 alio
1293 4364 1509 4427 aetatis
1530 4362 1725 4445 mu
1749 4360 2475 4456 contingatnecesseest·
2516 4352 2603 4424 tta
