2975 4959
464 474 625 558 quod
685 474 1052 556 Protagorae
1096 473 1474 555 philosophia
1520 491 1600 535 ex
1640 472 1993 535 Heracliteis
2046 472 2239 552 potius
2288 488 2462 553 quam
2507 471 2639 534 De-

458 586 766 647 mocriteis
821 562 1084 646 fontibus
1144 582 1471 645 derivanda
1530 581 1623 644 sit.
1720 581 1865 644 Nam
1923 598 2056 642 cum
2117 579 2355 642 Geelius
2411 579 2633 659 aliique

454 692 668 756 fabulis
712 679 842 753 istis
890 708 1043 770 quae
1105 696 1244 752 sunt
1303 689 1379 751 de
1418 689 1745 770 Protagora
1805 687 2005 749 baiulo
2049 688 2492 767 Democritique
2537 687 2636 748 di-

451 800 682 881 scipulo
736 784 913 860 fidem
971 797 1306 875 haberent,
1375 814 1592 859 annum
1656 813 1773 876 quo
1816 796 2178 876 Protagoras
2243 802 2416 858 natus
2475 802 2637 857 esset

447 914 587 989 post
623 906 950 969 Democriti
993 912 1182 967 ortum
1229 904 1461 967 referre
1509 904 1882 984 cogebantur
1895 924 1913 981 ;
1958 921 2076 984 quo
2123 904 2339 965 factum
2382 909 2509 980 est,
2565 909 2631 965 ut

449 1016 549 1077 alii
591 1015 959 1094 Protagorae
1002 1019 1254 1075 aetatem
1303 1013 1365 1074 in
1407 1018 1680 1092 tempore
1714 1011 1874 1091 quod
1917 1018 2162 1091 possent
2210 1011 2628 1074 recentissimo

448 1125 851 1199 collocarent,
907 1121 1007 1183 alii
1051 1122 1456 1184 Democritum
1502 1122 1563 1182 in
1607 1121 1919 1200 superiora
1964 1125 2230 1199 tempora
2277 1136 2451 1198 quam
2498 1135 2631 1180 ma·-

447 1234 606 1295 xime
664 1233 1093 1312 reprimerent,
1152 1236 1216 1291 ut
1257 1229 1556 1311 neglectis
1600 1227 1698 1290 vel
1745 1228 2097 1290 certissimis
2141 1234 2406 1289 veterum
2454 1227 2629 1288 testi-

447 1340 666 1401 moniis
726 1337 877 1399 fides
933 1337 1361 1400 conciliaretur
1417 1334 1674 1399 fabellis.
1713 1407 1718 1408 γ
1762 1336 1923 1408 Quas
1967 1353 2080 1397 nos
2124 1335 2287 1397 nihili
2338 1335 2631 1397 facientes

449 1447 836 1528 Protagoram
878 1446 1226 1507 Democrito
1272 1444 1483 1526 viginti
1530 1445 1703 1526 annis
1750 1444 2035 1505 maiorem
2079 1444 2407 1518 statuimuS‚
2449 1443 2629 1522 idque

451 1555 803 1634 scriptorum
845 1551 997 1614 locis
1042 1552 1170 1635 nixi
1209 1552 1356 1613 satis
1397 1551 1598 1614 firmis,
1685 1551 1882 1631 Atque
1924 1568 2083 1612 nunc
2125 1557 2201 1631 eo
2243 1551 2463 1612 rectius
2492 1548 2634 1611 illud

452 1663 677 1724 fecisse
740 1660 1058 1737 videmur,
1120 1676 1239 1739 quo
1297 1660 1490 1739 magis
1555 1660 1938 1721 Democritea
2009 1658 2334 1739 desciplina
2397 1659 2636 1719 minime

454 1787 606 1851 opus
647 1786 787 1832 esse
845 1766 923 1830 ad
964 1768 1332 1849 Protagorae
1393 1766 1830 1848 philosophiam
1895 1767 2306 1847 explicandam
2373 1773 2635 1848 apparet.
2689 1790 2693 1794 ⁴

620 1876 936 1951 Quomodo
965 1882 1161 1939 autem
1191 1894 1269 1939 ex
1297 1876 1562 1938 motione
1600 1891 1817 1937 sensus
1859 1892 2078 1956 resque
2117 1876 2435 1938 sensibiles
2474 1876 2637 1954 fiant,

458 1988 578 2049 iam
617 1984 947 2048 videamus·

1458 2189 1525 2260 S.
1572 2183 1631 2247 2.

624 2339 721 2403 lv.
815 2339 940 2420 Τῆς
997 2339 1068 2401 δὲ
1134 2333 1430 2419 κινήσεως
1493 2334 1610 2400 δύο
1669 2333 1855 2421 εἴδη,
1927 2338 2153 2420 πλήθει
2212 2341 2330 2416 μὲν
2383 2331 2639 2421 ἔπειρον

458 2444 795 2527 ἓκὰτερον,,
825 2446 1093 2522 δύναμιν
1137 2447 1207 2507 δὲ
1247 2444 1317 2507 τὸ
1345 2448 1463 2524 μὲν
1489 2453 1690 2507 ποιεῖν
1727 2442 1897 2526 ἔχον,
1942 2444 2009 2509 τὸ
2036 2448 2103 2508 δὲ
2128 2442 2417 2526 πάσχειν.
2443 2484 2523 2494 -
2550 2443 2634 2508 Ta

455 2556 524 2617 τέ
587 2576 707 2617 τινι
770 2548 1074 2629 {uvea-9622
1134 2550 1243 2614 καί
1301 2554 1521 2614 ποιοῦν
1579 2544 1747 2638 ἄλλῳ
1817 2546 1905 2615 αὖ
1969 2550 2323 2636 προσπεσὸν
2391 2553 2637 2633 πάσχον

461 2657 762 2744 ἀνεφάνη.

460 2803 705 2865 Theaet.
770 2818 908 2883 pag.
970 2798 1108 2868 156,
1159 2799 1252 2879 A,
1314 2800 1454 2863 157.
1498 2802 1573 2864 Α.
1628 2841 1709 2854 -
1779 2785 2110 2863 Universae
2173 2802 2453 2862 motionis
2520 2800 2637 2863 du-

457 2912 596 2992 plex
634 2916 727 2972 est
770 2916 1003 2987 natura,
1043 2909 1240 2971 activa
1283 2914 1346 2972 et
1383 2911 1643 2990 passiva.
1726 2909 1970 2995 Alterae
2011 2911 2168 2970 enim
2213 2909 2478 2971 continui
2519 2909 2639 2970 flu-

458 3035 572 3079 xus
617 3020 847 3079 formae
891 3017 973 3078 ita
1015 3032 1084 3076 se
1129 3022 1412 3094 movent,
1469 3022 1535 3078 ut
1578 3018 1640 3078 in
1682 3034 1831 3094 eaS‚
1873 3017 2219 3097 quibuscum
2267 3034 2639 3097 congressae

461 3126 617 3203 sint,
672 3125 792 3186 vim
837 3123 1132 3203 quandam
1175 3122 1473 3201 habeant3
1541 3123 1658 3186 hae
1699 3125 1868 3205 ipsae
1915 3141 2064 3187 vero
2122 3128 2247 3204 ita,
2308 3131 2371 3186 ut
2410 3125 2638 3186 illarum

392 3315 404 3324 ἢ
463 3234 580 3295 vim
623 3226 939 3313 patiantur.
987 3267 1069 3281 --
1113 3231 1289 3305 Quod
1335 3229 1574 3311 quidem
1622 3248 1700 3293 ne
1745 3232 1825 3293 ita
1866 3232 2203 3312 intelligaS‚
2263 3238 2327 3293 ut
2392 3232 2636 3306 aliarum

461 3360 659 3405 rerum
703 3357 940 3421 semper
982 3357 1114 3402 eam
1157 3356 1295 3403 esse
1332 3346 1503 3420 putes
1563 3341 1843 3402 motionis
1903 3340 2193 3418 formam,
2251 3348 2316 3403 ut
2361 3344 2479 3403 vim
2525 3340 2642 3402 ha-

432 3451 664 3529 beant,
704 3450 950 3512 aliarum
988 3465 1246 3529 semper,
1293 3454 1357 3512 ut
1398 3437 1730 3528 patiantur:
1774 3447 1884 3509 sed
1928 3465 2137 3510 omnes
2174 3451 2477 3527 utriusque
2507 3464 2641 3509 mo..

461 3561 643 3621 tionis
685 3558 1005 3640 participes
1065 3573 1205 3619 esse
1261 3561 1553 3637 possunt:
1616 3563 1680 3618 ut
1725 3574 1877 3636 quae
1942 3559 2003 3618 in
2064 3564 2284 3619 certam
2344 3555 2641 3637 quandam

463 3684 592 3728 rem
630 3667 748 3728 vim
793 3670 1097 3742 exerceat,
1140 3682 1272 3727 cum
1314 3662 1429 3726 alia
1480 3679 1814 3745 congressa
1854 3667 2089 3745 patiens
2132 3667 2225 3727 sit.
2309 3664 2637 3762 ltauoeulus

465 3776 580 3848 rei,
624 3791 799 3856 quam
843 3774 975 3854 ipse
1014 3773 1200 3851 videt,
1240 3772 1359 3835 vim
1401 3774 1637 3854 patitur,
1681 3772 1757 3835 ab
1795 3773 1914 3837 alio
1959 3781 2155 3837 autem
2195 3775 2438 3837 homine
2477 3775 2642 3838 visus

463 3883 623 3945 idem
666 3882 727 3943 in
772 3881 930 3943 illius
979 3880 1213 3945 oculum
1256 3882 1377 3943 vim
1421 3879 1626 3943 habet.

648 4028 719 4091 V.
796 4025 913 4092 Ἐκ
955 4030 1026 4092 δὲ
1086 4030 1199 4113 τῆς
1256 4026 1498 4093 τούτων
1557 4011 1811 4109 ὁμιλίας
1865 4052 1930 4092 τε
1983 4030 2095 4092 καὶ
2149 4033 2421 4110 τρίψεως
2486 4027 2646 4110 πρὸς

466 4128 706 4221 ἄλληλα
763 4131 1027 4217 γίγνεται
1068 4133 1284 4218 ἔκγονα
1329 4133 1561 4219 πλήθει
1605 4138 1723 4216 μὲν
1781 4130 2057 4217 ἄπειρα,
2121 4135 2360 4215 δίδυμα
2401 4137 2511 4213 δέ,
2566 4129 2635 4197 τὸ

468 4245 587 4325 μὲν
628 4240 974 4327 αἰσθητόν,
1012 4239 1199 4305 τό”δὲ
1241 4237 1540 4327 αἴσθησις
1585 4239 1692 4305 dea*
1730 4245 2231 4307 συνεκπίπτουσα
2280 4244 2388 4305 καί
2422 4263 2648 4323 γεννω-

469 4353 624 4435 μένη
667 4349 825 4433 μετὰ
871 4352 983 4414 τοῦ
1038 4350 1369 4436 αἰσθητοῦ.
1455 4348 1526 4412 αἱ
1578 4351 1693 4430 μὲν
1748 4341 1860 4413 οὖν
1916 4348 2247 4434 αἰσθήσεις
2310 4353 2389 4412 τὰ
2444 4344 2649 4411 τοιάδε
