2975 4959
343 480 431 548 -A-
467 477 680 562 quibus
719 495 969 564 prorsus
1011 484 1286 546 diversae
1329 492 1500 547 erant
1536 485 1784 547 Coi-acis
1827 485 2074 566 eiusque
2115 484 2541 564 discipulorum

344 599 525 652 'artes
551 637 569 667 ,
615 589 829 672 quibus
868 579 1612 673 universae'cloquentiae
1652 599 1971 673 praecepta
2016 593 2345 656 secundum
2394 613 2541 657 cer-

366 706 486 762 tum
533 700 831 780 quoddam
883 703 1193 766 consilium
1240 702 1334 764 vel
1398 708 1662 783 systema
1710 702 1870 782 quod
1914 702 2132 764 dicitur
2169 703 2542 765 auditoribus

366 809 497 871 sive
539 807 864 878 lectoribus
918 811 1166 873 tradere
1209 809 1489 874 solebant
1541 811 1834 887 (Theorie
1885 810 1994 872 der
2037 811 2541 888 Beredsamkeit).

344 916 540 990 ⁴Quod
599 918 651 979 si
693 917 933 998 quidem
990 920 1072 981 ita
1114 926 1243 998 est,
1316 921 1503 999 verba
1564 937 1709 982 nam
1764 924 1943 981 antea
2002 920 2292 982 neminem
2330 955 2414 970 -·
2480 926 2542 983 et

342 1039 517 1104 ‘quae
559 1020 885 1106 sequuntur
924 1035 1294 1109 nequaquam
1337 1027 1682 1109 parenthesi
1725 1027 2089 1090 secludenda
2115 1028 2330 1091 eodem
2355 1028 2540 1092 modo

344 1149 487 1212 ·quo
523 1134 712 1220 *quod
769 1137 1040 1215 proxime
1086 1137 1450 1198 enuntiatum
1498 1143 1590 1199 est
1645 1137 2028 1226 scriptasque
2068 1136 2263 1216 fuisse
2319 1142 2381 1197 ct
2416 1147 2542 1215 pa..

361 1247 535 1314 ratas
576 1261 658 1297 -ε-
717 1251 1096 1324 opponuntur
1159 1245 1237 1306 iis
1297 1261 1448 1325 quae
1507 1244 1890 1326 praecedunt
1940 1250 2133 1305 artem
2176 1250 2249 1305 ct·
2271 1262 2540 1323 praece-

361 1355 475 1432 pta
537 1348 774 1420 Siculos
830 1351 1118 1414 Coracem
1180 1360 1238 1415 et
1299 1352 1524 1415 Tisiam
1584 1333 2023 1432 conscrtpsis'se
2046 1398 2062 1430 ,
2125 1360 2300 1433 atque
2360 1359 2544 1417 autea

350 1451 542 1519 etiam
601 1458 677 1520 ad
736 1459 1120 1539 scriptasque
1171 1461 1370 1542 fuisse
1426 1467 1486 1522 et
1535 1466 1799 1539 paratos
1860 1462 2154 1541 pertinet·
2179 1497 2263 1509 —-
2327 1461 2536 1523 Totum

366 1582 512 1627 vero
556 1566 752 1628 locum
796 1568 989 1630 minus
1033 1575 1199 1630 recte
1238 1569 1592 1631 Meinersius
1633 1570 1716 1630 ita
1759 1567 2006 1651 intelligi
2051 1568 2257 1654 voluit,
2297 1575 2361 1630 ut
2391 1568 2536 1629 inde

350 1674 757 1756 »Protagoram
802 1685 938 1739 ante
962 1678 1252 1740 Coracem
1299 1685 1359 1740 et
1377 1679 1596 1739 Tisiam
1637 1679 1865 1740 vixisse
1908 1677 2264 1741 efficeretur.
2349 1678 2539 1758 Syra-

366 1764 576 1846 cusani
619 1802 776 1847 anno
801 1785 944 1848 466.
988 1787 1355 1867 Thrasybulo
1400 1786 1648 1867 expulso
1677 1805 1866 1867 usque
1890 1787 1967 1848 ad
1997 1786 2138 1849 406.
2173 1787 2361 1848 libera
2393 1765 2537 1849 ute-

366 1892 957 1973 banturrepubliea:
998 1896 1178 1976 idque
1207 1898 1489 1977 temporis
1532 1898 1783 1976 spatium
1825 1871 2203 1976 eloquentiae
2246 1876 2535 1975 estquasi

363 2002 560 2063 natale
602 2003 839 2065 factum.
923 2004 1093 2066 Pacis
1138 2005 1294 2069 euim
1323 2050 1342 2083 ,
1387 2005 1579 2084 inquit
1622 1993 1840 2065 Cicero
1867 2051 1884 2082 ,
1928 2009 2021 2065 est
2062 2005 2268 2065 comes
2312 2003 2537 2081 otiique

358 2110 532 2171 socia
579 2116 639 2172 et
680 2112 795 2173 iam
841 2111 1010 2173 bene*
1037 2114 1391 2174 constitutae
1443 2111 1706 2173 civitatis
1748 2111 1917 2190 qu'asi
1962 2110 2197 2171 alumna
2244 2100 2538 2189 quaedam

249 2243 256 2249 ·
368 2219 729 2299 eloquentia.
809 2221 956 2283 Nam
1013 2220 1211 2282 Corax
1237 2266 1256 2299 ,
1312 2222 1412 2301 qui
1473 2221 1594 2281 iam
1648 2219 1802 2298 apud
1845 2218 2132 2315 Gelonem
2165 2218 2538 2280 -Hieronem-

372 2345 488 2406 que
553 2336 842 2408 tyrannos
909 2329 1265 2392 auctoritate
1316 2328 1634 2404 valuerat,
1671 2327 1852 2393 etiam
1898 2328 1964 2388 in
2020 2334 2323 2407 posterum
2382 2344 2541 2389 cun-

368 2442 521 2498 ctum
570 2436 843 2517 populum
886 2454 1104 2519 regere
1164 2435 1585 2517 hominumque
1643 2437 1876 2508 animos
1918 2434 1995 2496 ad
2058 2453 2225 2496 suum
2290 2435 2538 2500 flectere

368 2544 672 2607 arbitrium
717 2544 921 2611 voluit.
1009 2544 1181 2619 Quod
1221 2551 1284 2606 ut
1327 2524 1576 2625 posset,
1622 2561 1770 2625 opus
1816 2550 1957 2632 erat„
1989 2541 2364 2630 eloquentia,
2421 2562 2539 2624 qua

373 2654 604 2714 civibus
654 2671 831 2715 *suam
893 2664 1132 2734 semper
1177 2671 1418 2715 causam
1472 2653 1774 2733 probaret.
1858 2652 1944 2713 Ita
1986 2651 2365 2731 eloquentiae
2410 2630 2540 2713 stu..

352 2759 473 2821 ι(ἰίο
519 2767 703 2822 tolum
752 2778 821 2822 se
869 2760 1074 2839 dedit,
1141 2778 1399 2842 moxque
1456 2763 1742 2840 magister
1790 2758 2113 2839 discipulos
2162 2759 2377 2823 multos
2426 2760 2544 2824 sibi

372 2867 624 2949 ascivit,
683 2870 746 2931 in
808 2870 1021 2951 quibus
1079 2869 1304 2950 primus
1363 2875 1494 2933 erat
1540 2869 1788 2930 TisiaS.'
1838 2868 1948 2942 Qui
2008 2885 2182 2947 quum
2226 2868 2546 2948 Syracusis

375 2974 725 3056 Thuriisque
785 2978 1141 3057 aliquantum
1205 2979 1494 3057 temporis
1549 2983 1608 3038 et
1651 2977 1958 3038 docuisset
2014 2979 2074 3038 et
2129 2984 2319 3041 artem
2374 2993 2543 3039 suam

369 3083 432 3145 in
498 3085 697 3149 litibus
765 3081 1106 3151 forensibus
1171 3086 1427 3154 maxime
1494 3086 1911 3164 exercuisset,
1984 3103 2146 3147 anno
2187 3086 2334 3152 427.
2410 3104 2545 3150 cum

370 3192 594 3274 Gorgia
633 3193 1056 3257 Leontinorum
1096 3196 1319 3276 legato
1346 3194 1614 3259 Athenas
1673 3196 1877 3273 veuit,
1934 3194 2062 3275 ipse
2121 3199 2264 3255 tunc
2321 3194 2594 3274 primus,

371 3300 584 3369 iustam
642 3296 1018 3381 eloquentiae
1080 3310 1264 3365 artem
1310 3304 1448 3364 illuc
1493 3302 1894 3369 transferens:
1954 3310 2128 3363 antea
2184 3295 2339 3363 enim
2386 3305 2547 3363 Pro-

368 3415 621 3491 tagorae
680 3411 832 3473 locis
881 3413 1286 3473 communibus
1333 3411 1407 3476 ad
1451 3411 1778 3474 orationes
1806 3410 2254 3490 componendas
2296 3410 2547 3473 Athenis

350 3519 464 3580 *usi
506 3525 678 3582 erant
705 3521 798 3597 ὕ).
885 3520 1019 3593 Quo
1085 3520 1478 3599 factumest,
1542 3525 1644 3598 ut,
1706 3537 1836 3584 cum
1883 3513 2130 3585 Graecis
2169 3518 2360 3579 Tisias
2412 3518 2551 3579 elo·-

375 3627 654 3706 quentiae
697 3634 910 3690 auctor
954 3636 1139 3703 esset,
1186 3628 1386 3696 Corax
1427 3645 1576 3710 vere
1622 3634 1843 3690 tantum
1886 3644 1992 3707 per
2016 3626 2237 3688 Tisiam
2282 3626 2584 3706 discipu*-

376 3733 494 3796 lum
529 3738 606 3825 iis
646 3737 1023 3814 innotuisset,
1064 3738 1209 3800 artis
1247 3739 1619 3812 inventorem
1659 3736 1841 3799 modo
1885 3735 2103 3796 Tisiam
2147 3734 2329 3797 modo
2353 3736 2553 3798 Cora..

381 3861 514 3905 cem
570 3846 749 3910 modo
815 3847 1105 3934 Coracem
1172 3853 1231 3908 et
1287 3847 1508 3908 Tisiam
1576 3846 1994 3923 nominarent,
2055 3862 2173 3906 nec
2236 3847 2557 3927 quicquam.

375 3969 559 4033 saepe
579 3955 831 4035 intersit,
853 3956 1212 4020 alteruterne
1233 3955 1397 4021 solus
1422 3969 1500 4019 an
1543 3956 1718 4019 ambo
1742 3973 1777 4016 a
1802 3952 2103 4019 veteribus
2127 3962 2550 4026 memorentur.

507 4174 565 4242 ⁴*)
603 4175 788 4226 Videas
820 4176 888 4228 de
928 4179 1123 4230 Corace
1160 4187 1212 4230 et
1261 4179 1398 4230 Tisia
1436 4176 1769 4244 Spengelium
1810 4176 2142 4248 συναγωγῆς
2181 4178 2392 4246 τεχνῶν
2428 4191 2547 4243 pag.

362 4243 461 4302 24.
505 4254 557 4297 et
590 4263 639 4313 q.
681 4262 858 4314 seqq.,
913 4249 1095 4300 Walzii
1137 4249 1343 4302 Rhetor.
1399 4252 1583 4302 Graec.
1625 4258 1744 4300 tom.
1787 4250 1869 4300 lv.
1911 4264 2030 4317 pag.
2080 4252 2153 4298 ll.
2194 4257 2248 4300 et
2288 4264 2339 4315 q.
2379 4263 2550 4314 seqq,

373 4323 492 4371 tom.
535 4317 617 4368 Vl.
665 4333 779 4385 pag.
826 4321 903 4373 12.
953 4329 1003 4369 et
1044 4336 1092 4387 q.
1135 4337 1317 4388 seqq,
1355 4329 1472 4371 tom.
1515 4319 1603 4370 Vll
1661 4335 1774 4388 pag.
1815 4317 1881 4385 6,
1922 4320 2169 4390 locosque
2208 4333 2338 4388 quus
2376 4316 2544 4369 attulit

366 4385 734 4446 §mllbaumius
770 4388 834 4444 ad
874 4389 1003 4446 Plat.
1043 4391 1255 4448 Phaedr.
1293 4393 1410 4462 pag.
1449 4389 1571 4468 263.
1611 4392 1676 4446 A.
1712 4421 1718 4427 -
2243 4406 2245 4409 ’
