2975 4959
1316 274 1810 367 „35-

477 464 801 530 multihoc
843 482 1051 534 verum
1093 471 1371 546 putarunt
1397 511 1417 541 ‚
1477 469 1540 529 in
1596 466 1810 546 quibus
1848 465 1914 529 C.
1957 465 2054 529 Fr.
2096 464 2469 527 Hei-mannus
2508 464 2648 527 loco

473 588 610 654 pag.
657 571 716 634 9.
759 572 1081 651 exscripto.
1163 571 1296 653 Ego
1343 585 1488 635 vero
1533 572 1724 653 ipsum
1762 572 2168 634 Democritum
2211 577 2273 633 et
2308 571 2647 651 Apollodo-

473 697 605 743 rum
645 671 916 741 Diodoro
983 696 1288 765 opponere
1348 697 1425 742 eo
1486 681 1680 743 minus
1741 680 1989 757 dubito,
2052 696 2170 760 quo
2213 679 2444 761 planius
2483 679 2645 742 illum

472 794 725 869 apparet
760 786 860 849 ‘de
906 789 1251 852 Democrito
1315 804 1524 851 errore
1585 806 1724 851 esse
1787 788 2151 850 obstrictum.
2237 788 2644 850 Democritum

471 897 635 961 enim
673 913 797 960 non
830 903 1061 959 tantum
1106 893 1432 978 nonaginta
1458 942 1477 975 ‚
1540 896 1650 959 sed
1692 897 1822 978 plus
1867 903 2099 959 centum
2144 911 2337 959 annos
2381 895 2643 959 vivendo

471 1006 810 1087 explevisse
855 1024 987 1068 cum
1022 1024 1065 1068 a
1104 999 1462 1087 reliquorum
1504 1008 1859 1088 scriptorum
1896 1005 2194 1087 plerisque
2241 1012 2363 1068 tum
2408 1006 2483 1067 ab
2506 1007 2642 1068 An-

467 1113 726 1177 tisthene
766 1114 1002 1177 Rhodio
1067 1114 1394 1196 Democriti
1456 1114 1692 1195 aequali
1754 1112 1908 1190 (vid.
1950 1112 2295 1176 Mullachius
2356 1109 2492 1195 pag.
2542 1114 2638 1176 15.

469 1229 532 1287 et
573 1220 709 1301 40.)
758 1222 912 1286 adeo
957 1223 1374 1302 confirmatur,
1421 1230 1486 1286 ut
1527 1223 1603 1284 de
1647 1223 1762 1286 bac
1801 1238 1886 1286 re.
1911 1224 2030 1285 iam
2070 1241 2191 1285 non
2236 1224 2315 1286 sit
2358 1222 2642 1285 dubitan-

466 1329 625 1396 dum.
710 1331 1062 1396 Nostrorum
1127 1350 1274 1398 vero
1338 1338 1646 1413 auctorum
1706 1328 1884 1396 iidem
1946 1329 2292 1394 deminuere
2348 1329 2636 1394 Corsinus

461 1438 687 1523 frustra
741 1445 1004 1501 conatus·
1041 1429 1153 1501 est.
1235 1437 1639 1520 Apollodorus
1698 1433 1897 1515 enim,
1956 1443 2021 1499 ut
2061 1437 2284 1500 dictum
2345 1443 2638 1517 repetam,

462 1545 803 1626 olympiade
866 1548 1238 1627 octogesima
1302 1546 1707 1609 Democritum
1775 1551 1974 1607 natum
2039 1544 2233 1623 dicit,
2306 1543 2487 1625 idque
2552 1545 2630 1608 ab

456 1652 594 1733 ipso
662 1651 1079 1732 confirmatur,
1136 1671 1311 1734 quem
1379 1652 1775 1734 quadraginta
1834 1652 2009 1715 annis
2079 1653 2448 1735 Anaxagora
2482 1655 2632 1714 >mi-

458 1777 671 1822 norem
730 1778 799 1824 se
857 1760 1195 1841 professum
1260 1777 1397 1823 esse
1454 1759 1724 1822 Laertius
1782 1757 1887 1821 lib.
1930 1758 2029 1822 lX.
2092 1766 2197 1834 §S-
2241 1758 2343 1821 34.
2413 1764 2474 1821 et
2517 1760 2624 1822 41.

458 1874 748 1938 testatur:
809 1868 930 1931 vid.
956 1869 1084 1941 ‚sub
1144 1861 1323 1930 finem'
1376 1868 1596 1949 prioris
1649 1853 1823 1930 huius
1879 1867 2235 1952 paragraphi
2280 1867 2628 1946 particulae.

451 1976 718 2057 Utroque
742 1979 891 2037 vero
919 1975 1056 2036 loco
1081 1992 1187 2054 pro
1227 1968 1691 2053 τεσσαράκοντα
1733 1968 2055 2057 legendum
2082 1989 2221 2034 esse
2244 1973 2326 2035 ait
2339 1972 2628 2036 Corsinus

450 2084 752 2162 τέσσαρσι
814 2084 1227 2164 persuasitque
1271 2080 1546 2142 Harlesio
1604 2080 1863 2142 Fabricii
1917 2080 2066 2143 Bibl.
2113 2080 2327 2143 Graec.
2374 2087 2517 2143 tom.
2552 2079 2624 2143 11.
2740 2076 2754 2084 “

451 2169 592 2273 ρᾶξ.
635 2190 778 2255 629.
863 2192 1031 2266 Quae
1085 2190 1362 2271 profecto
1424 2187 1583 2250 haud
1639 2188 1721 2252 ita
1765 2205 1986 2269 magna
2029 2194 2126 2254 est
2159 2190 2440 2268 mutatio,
2493 2189 2628 2251 sive

448 2299 830 2363 Democritus
874 2296 969 2360 vel
1013 2296 1388 2384 librariorum
1433 2295 1644 2376 aliquis
1685 2294 1845 2357 bunc
1889 2312 2195 2357 numer-um
2235 2294 2419 2376 ipsius
2455 2295 2625 2357 vocis

410 2489 415 2494 ἱ
453 2405 810 2486 compendio
858 2406 1054 2486 aliquo
1095 2404 1491 2483 indicaverit,
1552 2406 1683 2467 sive
1723 2405 1900 2484 signo
1947 2403 2212 2484 quodam·
2246 2420 2359 2466 usu
2402 2402 2630 2464 consti-

452 2521 616 2578 tuto:
673 2520 735 2576 ut
771 2531 880 2594 pro
932 2514 1279 2592 τέσσαρσι,
1312 2510 1457 2591 llll,
1501 2512 1598 2574 vel
1646 2507 1700 2573 δ’
1743 2510 2022 2573 librarius
2079 2512 2388 2576 oculorum
2432 2513 2622 2574 aciem

453 2624 650 2686 minus
694 2620 1012 2684 intendens
1053 2619 1286 2702 legeret
1325 2617 1791 2699 τεσσαράκοντα
1815 2670 1833 2702 ,
1876 2621 2152 2695 ΔΔΔΔ,
2197 2620 2293 2681 vel
2331 2617 2415 2699 μ’.
2497 2619 2625 2687 Ne.

456 2750 574 2813 que
615 2731 791 2809 talem
855 2713 1122 2805 errorem
1165 2730 1404 2791 Laertio
1463 2729 1577 2809 ipsi
1629 2729 1917 2810 imputare
1981 2729 2381 2792 dubitaremus
2441 2729 2624 2790 certis

451 2841 755 2920 firmisque
802 2840 1166 2921 argumentis
1209 2855 1284 2900 eo
1326 2837 1590 2899 adducti.
1676 2836 1796 2904 Sed
1840 2856 1957 2918 quo
2002 2839 2237 2901 facilius
2279 2844 2372 2901 est
2410 2837 2626 2919 singu-

449 2947 569 3016 lam
610 2945 922 3009 litterulam
960 2925 1191 3009 ‘mendo
1250 2945 1525 3009 affectam
1586 2945 1837 3025 dicere,
1906 2964 1982 3009 eo
2041 2948 2234 3028 magis
2292 2946 2621 3008 cavendum

454 3061 591 3135 est,
652 3074 730 3117 ne
787 3056 943 3117 hanc
1007 3052 1367 3115 emendandi
1432 3052 1729 3114 rationem
1794 3053 2078 3114 temerius
2144 3050 2451 3113 adhibeas,
2557 3052 2622 3115 Si

394 3161 414 3225 ’.
454 3165 758 3244 τέσσαρσι
801 3180 910 3245 pro
954 3158 1415 3240 τεσσαράκοντα
1447 3161 1508 3221 in
1537 3160 1831 3242 Diogenis
1868 3162 2054 3224 verba
2093 3167 2401 3241 receptum
2442 3164 2627 3238 esset,

454 3270 540 3338 ait
588 3268 915 3344 CorsinuS,
971 3267 1239 3328 Laertius
1282 3267 1411 3346 ipse
1449 3282 1653 3329 secum
1682 3313 1701 3346 ‚
1764 3285 1898 3329 cum
1945 3267 2293 3349 Herodoto,
2352 3269 2623 3333 Diodoro

455 3377 706 3466 aliisque
748 3374 1139 3455 scriptoribus
1183 3374 1550 3436 conveniret.
1634 3371 1816 3437 lmmo
1859 3351 1988 3455 ipse
2033 3392 2261 3451 secum,
2305 3393 2438 3438 cum
2467 3376 2624 3437 Dio-

459 3484 613 3548 doro
661 3486 997 3563 ceterisque
1039 3481 1424 3561 scriptoribus
1447 3488 1774 3564 pugnaret.
1857 3483 2021 3546 Nam.
2049 3483 2414 3547 Herodotum
2472 3481 2622 3545 mis-

460 3609 590 3658 sum
640 3591 842 3672 facio,
910 3590 1066 3672 apud
1124 3608 1297 3671 quem
1360 3590 1436 3668 de
1478 3596 1601 3653 tota
1645 3609 1714 3653 re
1776 3591 1925 3655 nihil
1982 3593 2341 3655 inveniatur.
2427 3593 2630 3673 Atque

456 3698 764 3764 Diodorus
828 3700 1068 3781 quidem
1133 3716 1291 3762 anno
1347 3694 1494 3762 494.
1536 3699 1937 3772 Democritum
1998 3707 2200 3774 natum
2264 3700 2446 3780 dicit,
2505 3717 2628 3764 non

444 3797 607 3872 ⁴496.
690 3805 960 3866 Laertius
1001 3820 1148 3866 vero
1194 3802 1406 3886 quibus
1451 3802 1604 3865 locis
1630 3848 1651 3879 ‚
1713 3822 1836 3886 quo
1874 3823 1993 3869 uno
2039 3806 2178 3868 loco
2222 3808 2624 3872 Democritum

459 3928 620 3976 anno
667 3911 808 3975 496.
852 3911 1042 3974 ortuin
1085 3931 1222 3976 esse
1267 3912 1611 3975 indicavit?
1690 3914 1774 3976 lta
1816 3917 2011 3996 potius
2058 3914 2360 3998 loquitur,
2425 3925 2491 3983 ut
2547 3918 2625 3982 de

461 4024 762 4103 τέσσαρσι
822 4020 1083 4102 legendo
1149 4013 1461 4084 emunctae
1531 4024 1695 4084 naris
1765 4022 1942 4087 homo
2001 4041 2080 4087 ne
2144 4027 2415 4109 cogitare
2489 4027 2628 4109 qui-

461 4131 598 4193 dem
666 4130 876 4211 possit.
976 4129 1090 4205 Qui
1148 4132 1306 4193 enim
1365 4148 1582 4193 sensus
1639 4131 1731 4194 his
1788 4133 1849 4195 in
1901 4135 2106 4197 verbis
2168 4136 2434 4201 inessetz
2503 4136 2566 4201 Γ
2561 4138 2631 4200 έ-

458 4258 598 4321 γονε
642 4239 711 4300 δὲ
755 4246 885 4313 τοῖς
922 4237 1220 4320 χρόνοις,
1285 4236 1372 4313 αἷς
1431 4238 1626 4313 αὐτός
1690 4264 1883 4325 φησιν
1946 4243 2012 4305 ἐν
2057 4247 2143 4331 τῷ
2187 4247 2422 4331 ΠΙικρῷ
2469 4249 2633 4310 Δια-

457 4344 688 4438 κόσμῳ,
732 4349 865 4425 νέος
908 4345 1068 4412 κατὰ
1115 4349 1476 4433 πρὶσβῦτην
1523 4346 1949 4437 Ἀναξαγόραν
1988 4348 2195 4419 ἔτεσιν
2237 4348 2436 4416 αὐτοῦ
2480 4355 2641 4417 νειό-
