2975 4959
1145 278 1683 347 -187-

778 616 864 685 D.
965 614 1347 712 Scripta
1406 616 2059 712 grammatica.

1363 805 1465 869 lX.

1071 976 1254 1076 Περὶ
1316 977 1764 1078 ὀρθοεπείας.

513 1134 646 1201 Vid.
687 1153 826 1218 pag.
873 1137 1010 1201 136.
1058 1146 1119 1201 et
1170 1158 1227 1221 q.
1274 1157 1443 1221 seqq.
1555 1140 1723 1214 Quae
1786 1138 2001 1201 eodem
2062 1136 2328 1199 Platonis·
2375 1135 2515 1199 loco

339 1243 623 1319 (Phaedr.
667 1263 803 1326 pag.
851 1245 989 1309 267.
1039 1247 1116 1326 C)
1175 1241 1337 1310 ἄλλα
1379 1245 1578 1311 πολλοὶ
1615 1248 1727 1310 καί
1772 1247 1932 1310 καλὰ
1973 1247 2341 1328 Protagorae
2380 1264 2515 1309 cum

338 1350 715 1415 cavillatione
744 1361 1168 1434 memorantur,
1216 1361 1319 1419 aut
1363 1355 1523 1418 nulla
1571 1361 1710 1418 sunt
1753 1361 1852 1418 aut
1894 1361 2062 1420 certe
2100 1355 2327 1438 ignota.

859 1657 939 1730 E.
1040 1659 1425 1758 Scripta
1487 1661 1976 1735 rhetorica.

1382 1853 1459 1916 X.

1090 2004 1549 2104 Ἀντιλογιῶν
1599 2005 1752 2082 δύο.

532 2182 709 2264 Diog.
759 2183 957 2247 Laert.
1001 2165 1245 2247 libqlx.
1304 2192 1366 2261 §-
1412 2186 1515 2248 55.
1596 2184 2000 2267 'Arrczoyaexa'
2063 2185 2210 2247 dicit
2268 2184 2370 2247 lib.
2408 2184 2507 2247 111.

334 2295 397 2364 S.
427 2289 528 2352 37.
572 2297 636 2353 et
674 2291 775 2354 57.
822 2291 1115 2372 Exposuit
1156 2292 1275 2380 hoc
1317 2293 1469 2355 libro
1496 2294 1858 2372 Protagoras
1900 2292 2178 2373 placitum
2219 2311 2388 2355 suum
2430 2292 2509 2355 de

344 2401 653 2462 sententiis
701 2402 1062 2481 contrariiS‚
1115 2420 1223 2482 per
1267 2402 1425 2483 quod
1478 2404 1650 2484 quasi
1695 2404 2003 2464 transitum
2045 2409 2311 2484 paratum
2349 2402 2515 2464 vidi-

338 2524 469 2568 mus
516 2525 549 2568 a
596 2509 828 2588 placitis
874 2508 949 2570 de
989 2528 1188 2573 rerum
1234 2518 1445 2577 natura
1486 2511 1566 2573 ad
1611 2510 1983 2573 dialectIcam
2027 2512 2156 2573 eius
2196 2512 2511 2573 rationem.

344 2618 635 2679 Fortasse
676 2618 861 2697 ipsius
901 2619 1088 2682 verba
1127 2626 1266 2682 sunt
1307 2619 1461 2698 (vid.
1507 2637 1646 2701 pag.
1684 2619 1858 2695 890:

1383 2770 1447 2831 5.

498 2896 667 2962 Δύο
701 2896 930 2980 λόγοι
973 2900 1140 2963 εἰσί
1182 2903 1373 2983 περὶ
1415 2896 1730 2975 παντὸς
1773 2896 2254 2983 πράγματος
2299 2897 2504 2959 α’ντι-

328 3005 704 3087 κείμενοι
749 3008 1148 3090 α’λλήλοις.

493 3156 862 3221 Persuadere
903 3161 1046 3223 mihi
1088 3162 1190 3224 vix
1248 3178 1491 3242 possum
1519 3207 1539 3240 ‚
1596 3179 1675 3223 ex
1726 3160 1847 3222 hoc
1901 3160 2271 3240 Protagorae
2323 3155 2500 3229 libro,

328 3280 366 3325 a
412 3279 529 3342 quo
571 3281 768 3327 rerum
812 3267 1177 3347 publicarum
1217 3271 1493 3332 tractatio
1538 3271 1732 3331 aliena
1776 3269 1962 3330 fuisse
2006 3266 2261 3340 videtur,
2303 3263 2499 3325 Plato-

323 3388 462 3432 nem
506 3370 636 3433 fere
694 3376 895 3436 omnia
953 3375 1230 3438 hausisse
1285 3376 1555 3439 Politiam
1613 3392 1780 3437 suam
1845 3371 2370 3448 conscribentem,
2436 3369 2500 3432 id

328 3479 489 3559 quod
550 3479 947 3545 Aristoxenus
1011 3483 1333 3547 tradidisse
1390 3484 1607 3546 dicitur
1670 3482 1824 3563 apud
1876 3481 2211 3562 Diogenem
2252 3479 2355 3546 lib.
2399 3477 2498 3547 ΙΙΙ.

327 3592 385 3660 §.
429 3587 544 3650 37:
573 3585 697 3652 ιῚῚν
738 3590 1055 3655 πολιτείαν
1084 3590 1511 3676 Ἀριστόξενός
1550 3615 1708 3678 φησι
1753 3593 1965 3653 πᾶσαν
2006 3584 2235 3669 σχεδὸν
2278 3588 2346 3649 ἐν
2372 3593 2503 3661 τοῖς

326 3698 764 3777 Πρωταγόρου
803 3695 1161 3782 γεγράφθαι
1210 3702 1680 3782 Ἀντιλογικοῖς,
1739 3707 1802 3764 et
1850 3697 2217 3763 Phavorinus
2270 3698 2348 3756 ei.
2393 3694 2497 3758 lib.

325 3807 384 3874 §.
430 3799 546 3864 57:
607 3803 733 3881 Τῆς
767 3807 885 3881 μὲν
927 3806 1242 3878 πολιτείας
1287 3805 1377 3880 εἷς
1420 3808 1571 3869 δέκα
1607 3806 2083 3885 διαιρουμένης,
2125 3800 2203 3884 ἢν
2241 3804 2351 3866 καί
2388 3800 2498 3865 εὖ·

323 3905 660 3987 ρι’σκεσθαι
698 3910 924 3991 σχεδὸν
962 3907 1115 3995 ὅλην
1144 3911 1319 3996 παρὰ
1355 3913 1757 4000 Πρωταγόρᾳ
1798 3914 1866 3975 ἐν
1907 3920 2037 3986 τοῖς
2059 3910 2502 3993 Ἀντιλογικοῖς

324 4016 487 4096 φησί
528 4016 899 4097 Φαβωρῖνος
954 4020 1023 4082 ἐν
1082 4020 1484 4102 παντοδαπῆς
1528 4016 1808 4102 ἱστορίας
1860 4019 2146 4105 δευτέρῳ.
2235 4018 2364 4091 Qua
2419 4034 2500 4077 ex

280 4170 285 4174 .
323 4127 494 4201 parte
535 4124 694 4184 enim
735 4127 865 4187 sive
911 4128 1118 4191 Politia
1160 4129 1290 4191 sive
1346 4129 1498 4192 alius
1540 4129 1976 4191 Platonicorum
2022 4126 2305 4189 librorum
2360 4141 2497 4186 cum

324 4227 629 4308 sophistae
652 4232 1011 4315 Antilogicis
1051 4241 1365 4317 congruat,
1411 4236 1688 4316 equidem
1730 4253 1853 4298 non
1884 4235 2106 4298 video:
2153 4251 2288 4295 nam
2331 4230 2495 4312 quod

324 4332 696 4402 Hermannus
760 4339 933 4404 affert
994 4343 1138 4406 Hist.
1200 4343 1417 4406 Philos.
1461 4343 1603 4412 Plat.
1650 4351 1790 4407 tom.
1830 4342 1875 4406 1.
1925 4363 2060 4426 pag.
2104 4344 2245 4406 694.
2292 4346 2497 4407 annot.
