2975 4959
1171 291 1713 354 -111—

358 471 583 532 unitate
623 476 1075 550 temperaretur,
1121 473 1283 558 ξυνῷ
1327 468 1513 557 λόγῳ,
1553 472 1678 551 'quo
1700 469 2034 533 Heraclitus
2061 470 2293 543 Socrati
2336 471 2531 552 aliqua

359 596 438 639 ex
478 585 649 659 parte
695 580 852 640 viam
895 580 1167 660 praeivit.
1248 579 1376 641 Hac
1424 581 1554 660 ipsa
1600 596 1751 642 vero
1793 579 1870 642 de
1911 596 2094 641 causa
2158 579 2378 641 factum
2419 585 2534 657 est,

361 694 427 749 ut
467 704 639 749 mens
667 733 687 763 ,
746 705 1080 768 quanquam
1141 696 1349 750 contra
1397 707 1499 750 res
1541 689 1837 768 surrexit,
1909 693 2108 750 tamen
2152 695 2336 751 totam
2386 705 2455 749 se
2496 704 2533 748 a

363 795 548 858 rebus
594 794 843 858 liberam
889 796 1203 858 vindicare
1265 796 1529 858 nondum
1591 803 1816 877 posset.
1899 796 2048 860 Nam
2109 802 2175 858 ut
2232 796 2379 857 nihil
2420 802 2535 874 est,

367 903 486 966 nisi
530 903 694 983 quod
757 904 1037 966 sensibus
1098 905 1493 985 percipiatur,
1554 908 1633 967 ita
1694 905 1985 986 cogitatio
2028 922 2225 966 rerum
2273 903 2538 965 sensibi-

367 1012 505 1074 lium
549 1011 761 1074 finibus
805 1018 898 1074 est
941 1012 1409 1092 circumscripta.
1494 1012 1706 1075 Mentis
1763 1012 2010 1075 libertas
2050 1029 2200 1093 ergo
2262 1009 2540 1092 singulo·

366 1136 494 1182 rum
539 1118 840 1182 hominum
897 1120 1079 1181 variis
1135 1137 1209 1181 ac
1270 1119 1649 1182 mutabilibus
1696 1119 2034 1182 continetur
2095 1118 2538 1195 affectionibus,

362 1243 488 1289 non
542 1229 809 1290 notionis
869 1229 1191 1290 universae
1238 1229 1686 1291 constitutione.
1770 1227 1915 1290 Erat
1961 1234 2159 1290 autem
2217 1229 2539 1307 praecipua

368 1335 767 1397 aberrationis
792 1351 976 1396 causa
1007 1336 1068 1396 in
1098 1334 1407 1415 sophistae
1426 1335 1725 1397 sententia
1751 1333 1827 1397 de
1847 1334 2262 1416 cognoscendi
2287 1334 2545 1414 origine,

360 1461 436 1506 ea
483 1443 719 1524 quidem
785 1462 915 1505 cum
960 1443 1243 1524 primario
1291 1443 1366 1505 de
1409 1445 1701 1507 universo
1763 1443 1925 1506 fluxu
1965 1445 2183 1525 placito
2228 1450 2348 1505 tum
2390 1459 2541 1522 per-

367 1568 548 1614 verso
595 1550 699 1614 illo
739 1553 881 1614 nixa
919 1550 1244 1634 principio,
1287 1568 1404 1633 quo
1444 1569 1643 1613 rerum
1686 1552 1965 1614 sensibus
2020 1551 2541 1632 percipiendarum

360 1677 481 1721 una
527 1661 802 1722 statuitur
843 1659 1128 1738 essentia,
1174 1676 1578 1739 sensuumque
1618 1659 1972 1722 affectiones
1997 1666 2294 1740 ponuntur
2319 1656 2540 1740 cogni-

358 1768 542 1830 tionis
586 1766 987 1831 fundamenta.
1075 1767 1244 1841 Quae
1301 1767 1536 1849 quidem
1581 1768 1737 1830 ratio
1786 1786 1907 1829 non
1966 1766 2362 1847 sophistarum
2408 1772 2541 1830 erat

362 1876 605 1957 propria
649 1881 711 1936 et
753 1874 1074 1955 singularis
1098 1919 1118 1952 ,
1172 1872 1281 1936 sed
1338 1881 1676 1937 ceterorum
1723 1876 1855 1938 fere
1900 1877 1998 1956 qui
2041 1882 2180 1936 ante
2227 1876 2536 1936 Socratem

369 1985 650 2047 vixerunt
695 1983 1215 2065 philosophorum:
1260 1989 1325 2044 ut
1370 1983 1552 2046 etiam
1600 1983 1742 2045 illae
1785 1983 2137 2060 doctrinae,
2176 1971 2331 2061 quae
2380 1999 2541 2044 con-

367 2092 555 2154 trario
625 2097 934 2154 uterentur
1005 2090 1393 2152 fundamento
1421 2140 1440 2172 ,
1520 2106 1740 2152 novam
1811 2090 2104 2152 rationem
2173 2107 2341 2151 suam
2414 2105 2539 2151 uon

361 2217 440 2263 eo
481 2217 615 2262 cum
660 2217 949 2262 successu
989 2197 1256 2261 stabilire
1297 2203 1582 2278 possent,
1620 2203 1687 2261 ut
1727 2197 1915 2260 altera
1958 2196 2055 2260 illa
2101 2180 2536 2261 obsolesceret.

362 2309 645 2383 Quamvis
684 2309 867 2391 igitur
908 2307 1172 2388 Gorgiae
1217 2313 1277 2368 et
1319 2308 1688 2388 Protagorae
1744 2305 1960 2387 placita
2018 2306 2174 2369 nulla
2233 2323 2313 2368 ex
2366 2313 2536 2386 parte

359 2419 628 2499 perfecta
685 2417 946 2495 fuerint,
1008 2415 1126 2479 hoc
1190 2423 1357 2478 certe
1415 2416 1722 2496 sophistae
1767 2415 2128 2495 effecerunt,
2191 2422 2257 2477 ut
2297 2432 2369 2476 ea
2411 2416 2535 2494 via,

366 2544 482 2607 qua
524 2544 714 2607 usque
756 2528 832 2588 ad
875 2525 1017 2588 illud
1059 2532 1287 2606 tempus
1332 2524 1671 2606 philosophi
1713 2525 1808 2588 usi
1858 2530 2081 2602 essent,
2124 2542 2325 2586 verum
2357 2526 2537 2585 inve—-

356 2636 471 2697 niri
515 2652 638 2697 non
678 2652 862 2715 posse
905 2624 1318 2697 ostenderent.
1403 2633 1581 2708 Quod
1622 2640 1687 2697 ut
1724 2640 2246 2714 persequerentur,
2287 2634 2537 2694 rationi-

359 2743 473 2806 bus
527 2744 640 2806 illis
681 2743 1000 2805 utebantur
1042 2745 1402 2821 contrariiS,
1459 2743 1672 2822 quibus
1716 2749 1854 2804 ante
1900 2743 2209 2806 Socratem
2256 2742 2536 2802 universa

362 2852 496 2915 fere
543 2853 910 2916 Graecorum
967 2850 1344 2932 philosophia
1408 2851 1861 2928 contineretur,
1922 2848 2362 2926 Eleaticorum,
2437 2848 2537 2928 qui

360 2963 479 3039 τοῦ
517 2950 690 3048 ὄντος
744 2977 950 3020 veram
1012 2957 1284 3021 dicerent
1339 2959 1700 3037 essentiam,
1759 2965 1823 3020 et
1863 2958 2373 3033 Heracliteorum,
2438 2957 2539 3037 qui

356 3068 560 3129 omnia
618 3068 849 3129 moveri
912 3084 988 3129 ac
1049 3067 1262 3130 mutari
1324 3072 1655 3128 statuentes
1711 3066 1901 3147 ipsum
1957 3083 2097 3129 esse
2147 3065 2533 3130 sustulerunt.

356 3175 752 3255 Utrorumque
796 3175 1196 3261 sententiaeo
1220 3175 1551 3256 laborabat,
1598 3175 1760 3256 quod
1781 3180 2210 3237 unamtantum
2235 3190 2366 3235 cum
2390 3173 2528 3234 uni..

354 3299 574 3346 versae
636 3289 885 3345 naturae
947 3289 1069 3345 tum
1135 3283 1552 3364 cognoscendi
1598 3290 1825 3363 partem
1890 3287 2288 3363 respexerunt
2346 3280 2534 3343 altera

357 3407 605 3471 prorsus
650 3390 948 3471 neglecta.
1034 3391 1167 3463 Quo
1211 3389 1432 3451 factum
1495 3395 1589 3451 est
1646 3397 1712 3451 ut
1770 3396 2023 3471 utraque
2075 3388 2537 3470 philosophandi

356 3501 547 3579 ratio,
587 3500 755 3563 exitii
799 3516 1038 3561 causam
1079 3498 1250 3579 quasi
1292 3499 1555 3560 innatam
1620 3499 1736 3561 sibi
1777 3498 2042 3576 habenS,
2085 3499 2161 3559 ab
2204 3498 2389 3578 ipsius
2428 3514 2537 3559 se-

366 3615 654 3673 ctatorum
694 3627 815 3671 uno
864 3606 1294 3670 dissolveretur
1322 3653 1368 3686 ‚.
1407 3609 1508 3690 qui
1547 3609 1607 3670 in
1650 3625 1755 3671 sua
1798 3608 2034 3670 ratione
2083 3605 2394 3669 tractanda
2436 3608 2538 3669 ni-

352 3719 508 3781 mius
567 3726 770 3784 esset:
834 3722 895 3779 in
954 3715 1309 3778 Heracliteis
1359 3716 1760 3798 ProtagoraS‚
1822 3717 1884 3778 in
1923 3714 2210 3777 Eleaticis
2256 3715 2534 3798 Gorgias.

354 3825 647 3905 Sophistis
693 3827 873 3908 igitur
915 3825 1035 3887 hoc
1076 3840 1224 3886 sane
1266 3822 1723 3887 concedendurn
1771 3829 1904 3901 est,
1965 3824 2126 3904 quod
2185 3823 2538 3887 subiectivi-

354 3934 498 3995 tatis
554 3935 713 4013 quod
770 3952 930 3997 nunc
985 3932 1190 3995 dicunt
1247 3933 1542 4013 principio
1569 3976 1589 4010 ,
1649 3949 1980 4014 quanquam
2043 3933 2281 3995 ratione
2340 3933 2535 3996 minus

362 4057 509 4104 vera
551 4047 825 4120 tractato,
870 4043 1219 4106 Socraticae
1255 4041 1673 4122 philosophiae
1713 4043 1871 4103 viam
1915 4042 2253 4104 munierint.

526 4149 702 4245 Quod
742 4168 889 4212 vero
909 4150 1277 4232 Protagorae
1321 4150 1398 4211 de
1443 4150 1577 4212 deis
1620 4149 1893 4231 placitum
1938 4152 2164 4229 attinet,
2207 4149 2536 4211 Philostra-

354 4263 450 4320 tus
510 4257 817 4338 sophistae
880 4257 957 4319 de
1018 4257 1248 4321 illorum
1284 4260 1576 4320 'essentia
1637 4260 2062 4322 dubitationem
2122 4276 2159 4319 e
2219 4273 2530 4337 magorum

353 4364 663 4431 Persarum
729 4364 1040 4446 disciplina
1105 4365 1524 4432 duducendam
1580 4384 1719 4432 esse
1777 4374 1941 4449 putat
1999 4368 2119 4438 vita
2159 4365 2528 4445 Protagorae
