<?xml version="1.0" encoding="UTF-8"?>
<!DOCTYPE html PUBLIC "-//W3C//DTD XHTML 1.0 Transitional//EN"
    "http://www.w3.org/TR/xhtml1/DTD/xhtml1-transitional.dtd">
<html xmlns="http://www.w3.org/1999/xhtml" xml:lang="en" lang="en">
 <head>
  <title>
</title>
<meta http-equiv="Content-Type" content="text/html;charset=utf-8" />
  <meta name='ocr-system' content='tesseract 3.04.00' />
  <meta name='ocr-capabilities' content='ocr_page ocr_carea ocr_par ocr_line ocrx_word'/>
</head>
<body>
  <div class='ocr_page' id='page_1' title='image "./quaestionesprot00freigoog_0121.png"; bbox 0 0 2975 4959; ppageno 0'>
   <div class='ocr_carea' id='block_1_1' title="bbox 288 4556 305 4595">
    <p class='ocr_par' dir='ltr' id='par_1_1' title="bbox 288 4556 305 4595">
     <span class='ocr_line' id='line_1_1' title="bbox 288 4556 305 4595; baseline 0 0"><span class='ocrx_word' id='word_1_1' title='bbox 288 4556 305 4595; x_wconf 71' lang='lat' dir='ltr'><strong>l</strong></span> 
     </span>
    </p>
   </div>
   <div class='ocr_carea' id='block_1_2' title="bbox 1173 282 1714 352">
    <p class='ocr_par' dir='ltr' id='par_1_2' title="bbox 1173 282 1714 352">
     <span class='ocr_line' id='line_1_2' title="bbox 1173 282 1714 352; baseline 0.002 -2"><span class='ocrx_word' id='word_1_2' title='bbox 1173 282 1714 352; x_wconf 43' lang='grc'><strong>4109-</strong></span> 
     </span>
    </p>
   </div>
   <div class='ocr_carea' id='block_1_3' title="bbox 324 462 2595 4443">
    <p class='ocr_par' dir='ltr' id='par_1_3' title="bbox 324 462 2595 4443">
     <span class='ocr_line' id='line_1_3' title="bbox 355 462 2522 551; baseline 0.005 -25"><span class='ocrx_word' id='word_1_3' title='bbox 355 463 521 527; x_wconf 85' lang='lat' dir='ltr'><strong>Plato</strong></span> <span class='ocrx_word' id='word_1_4' title='bbox 564 462 672 527; x_wconf 90' lang='lat' dir='ltr'><strong>das</strong></span> <span class='ocrx_word' id='word_1_5' title='bbox 713 464 943 545; x_wconf 88' lang='lat' dir='ltr'><strong>gerade</strong></span> <span class='ocrx_word' id='word_1_6' title='bbox 987 462 1340 547; x_wconf 84' lang='lat' dir='ltr'><strong>Gegentheil</strong></span> <span class='ocrx_word' id='word_1_7' title='bbox 1383 467 1495 529; x_wconf 88' lang='lat' dir='ltr'><strong>des</strong></span> <span class='ocrx_word' id='word_1_8' title='bbox 1535 467 2035 549; x_wconf 85' lang='lat' dir='ltr'><strong>Protagorischen</strong></span> <span class='ocrx_word' id='word_1_9' title='bbox 2075 470 2316 551; x_wconf 68' lang='lat' dir='ltr'><strong>Sauras,</strong></span> <span class='ocrx_word' id='word_1_10' title='bbox 2362 473 2522 536; x_wconf 82' lang='lat' dir='ltr'><strong>kann</strong></span> 
     </span>
     <span class='ocr_line' id='line_1_4' title="bbox 350 572 2525 661; baseline 0.004 -26"><span class='ocrx_word' id='word_1_11' title='bbox 350 572 449 635; x_wconf 86' lang='lat' dir='ltr'><strong>ich</strong></span> <span class='ocrx_word' id='word_1_12' title='bbox 508 572 671 635; x_wconf 87' lang='lat' dir='ltr'><strong>nicht</strong></span> <span class='ocrx_word' id='word_1_13' title='bbox 734 573 979 653; x_wconf 73' lang='lat' dir='ltr'><strong>finden;</strong></span> <span class='ocrx_word' id='word_1_14' title='bbox 1040 574 1235 637; x_wconf 88' lang='lat' dir='ltr'><strong>meine</strong></span> <span class='ocrx_word' id='word_1_15' title='bbox 1292 574 1584 637; x_wconf 84' lang='lat' dir='ltr'><strong>vielmehr</strong></span> <span class='ocrx_word' id='word_1_16' title='bbox 1629 577 1689 638; x_wconf 92' lang='lat' dir='ltr'><strong>in</strong></span> <span class='ocrx_word' id='word_1_17' title='bbox 1736 574 1846 639; x_wconf 89' lang='lat' dir='ltr'><strong>der</strong></span> <span class='ocrx_word' id='word_1_18' title='bbox 1889 576 2319 661; x_wconf 85' lang='lat' dir='ltr'><strong>Behauptung‚</strong></span> <span class='ocrx_word' id='word_1_19' title='bbox 2383 579 2525 644; x_wconf 86' lang='lat' dir='ltr'><strong>dass</strong></span> 
     </span>
     <span class='ocr_line' id='line_1_5' title="bbox 355 662 2526 763; baseline 0.004 -21"><span class='ocrx_word' id='word_1_20' title='bbox 355 680 473 742; x_wconf 81' lang='lat' dir='ltr'><strong>alle</strong></span> <span class='ocrx_word' id='word_1_21' title='bbox 495 681 723 744; x_wconf 89' lang='lat' dir='ltr'><strong>Namen</strong></span> <span class='ocrx_word' id='word_1_22' title='bbox 767 680 966 761; x_wconf 89' lang='lat' dir='ltr'><strong>gleich</strong></span> <span class='ocrx_word' id='word_1_23' title='bbox 1004 680 1223 763; x_wconf 89' lang='lat' dir='ltr'><strong>richtig</strong></span> <span class='ocrx_word' id='word_1_24' title='bbox 1247 680 1545 758; x_wconf 79' lang='lat' dir='ltr'><strong>—-(Krat.</strong></span> <span class='ocrx_word' id='word_1_25' title='bbox 1592 683 1656 745; x_wconf 87' lang='lat' dir='ltr'><strong>S.</strong></span> <span class='ocrx_word' id='word_1_26' title='bbox 1678 679 1822 745; x_wconf 78' lang='lat'><strong>429.</strong></span> <span class='ocrx_word' id='word_1_27' title='bbox 1864 683 1943 759; x_wconf 81' lang='lat' dir='ltr'><strong>B)</strong></span> <span class='ocrx_word' id='word_1_28' title='bbox 1980 687 2103 749; x_wconf 88' lang='lat' dir='ltr'><strong>und</strong></span> <span class='ocrx_word' id='word_1_29' title='bbox 2135 662 2309 750; x_wconf 51' lang='lat' dir='ltr'><strong>‘noch</strong></span> <span class='ocrx_word' id='word_1_30' title='bbox 2355 689 2526 751; x_wconf 85' lang='lat' dir='ltr'><strong>mehr</strong></span> 
     </span>
     <span class='ocr_line' id='line_1_6' title="bbox 350 788 2526 873; baseline 0.005 -24"><span class='ocrx_word' id='word_1_31' title='bbox 350 788 417 850; x_wconf 87' lang='lat' dir='ltr'><strong>in</strong></span> <span class='ocrx_word' id='word_1_32' title='bbox 459 788 570 850; x_wconf 91' lang='lat' dir='ltr'><strong>der</strong></span> <span class='ocrx_word' id='word_1_33' title='bbox 609 788 806 870; x_wconf 90' lang='lat' dir='ltr'><strong>gleich</strong></span> <span class='ocrx_word' id='word_1_34' title='bbox 853 788 1071 852; x_wconf 82' lang='lat' dir='ltr'><strong>darauf</strong></span> <span class='ocrx_word' id='word_1_35' title='bbox 1104 788 1464 872; x_wconf 80' lang='lat' dir='ltr'>folgenden,</span> <span class='ocrx_word' id='word_1_36' title='bbox 1506 790 1647 853; x_wconf 89' lang='lat' dir='ltr'><strong>dass</strong></span> <span class='ocrx_word' id='word_1_37' title='bbox 1686 791 1978 854; x_wconf 88' lang='lat' dir='ltr'><strong>Niemand</strong></span> <span class='ocrx_word' id='word_1_38' title='bbox 2021 793 2340 873; x_wconf 80' lang='lat' dir='ltr'><strong>FalscheS‚</strong></span> <span class='ocrx_word' id='word_1_39' title='bbox 2398 796 2526 858; x_wconf 88' lang='lat' dir='ltr'><strong>also</strong></span> 
     </span>
     <span class='ocr_line' id='line_1_7' title="bbox 353 894 2528 986; baseline 0.003 -26"><span class='ocrx_word' id='word_1_40' title='bbox 353 894 834 972; x_wconf 82' lang='lat' dir='ltr'><strong>NicbtseiendeS‚</strong></span> <span class='ocrx_word' id='word_1_41' title='bbox 875 914 1066 978; x_wconf 90' lang='lat' dir='ltr'><strong>sagen</strong></span> <span class='ocrx_word' id='word_1_42' title='bbox 1109 897 1333 976; x_wconf 65' lang='lat' dir='ltr'><strong>kenne,</strong></span> <span class='ocrx_word' id='word_1_43' title='bbox 1376 915 1538 978; x_wconf 84' lang='lat' dir='ltr'><strong>ganz</strong></span> <span class='ocrx_word' id='word_1_44' title='bbox 1580 896 1677 960; x_wconf 90' lang='lat' dir='ltr'><strong>die</strong></span> <span class='ocrx_word' id='word_1_45' title='bbox 1716 899 1969 961; x_wconf 86' lang='lat' dir='ltr'><strong>Ansicht</strong></span> <span class='ocrx_word' id='word_1_46' title='bbox 2013 901 2123 963; x_wconf 89' lang='lat' dir='ltr'><strong>des</strong></span> <span class='ocrx_word' id='word_1_47' title='bbox 2166 903 2528 986; x_wconf 75' lang='lat' dir='ltr'><strong>Protagoras</strong></span> 
     </span>
     <span class='ocr_line' id='line_1_8' title="bbox 355 1004 2528 1089; baseline 0.003 -22"><span class='ocrx_word' id='word_1_48' title='bbox 355 1022 436 1067; x_wconf 86' lang='lat' dir='ltr'><strong>zu</strong></span> <span class='ocrx_word' id='word_1_49' title='bbox 473 1004 730 1067; x_wconf 84' lang='lat' dir='ltr'><strong>finden.“</strong></span> <span class='ocrx_word' id='word_1_50' title='bbox 815 1005 1003 1068; x_wconf 92' lang='lat' dir='ltr'><strong>Unum</strong></span> <span class='ocrx_word' id='word_1_51' title='bbox 1048 1006 1329 1087; x_wconf 89' lang='lat' dir='ltr'><strong>quidem,</strong></span> <span class='ocrx_word' id='word_1_52' title='bbox 1376 1007 1535 1087; x_wconf 90' lang='lat' dir='ltr'><strong>quod</strong></span> <span class='ocrx_word' id='word_1_53' title='bbox 1582 1007 1957 1070; x_wconf 89' lang='lat' dir='ltr'><strong>Hermannus</strong></span> <span class='ocrx_word' id='word_1_54' title='bbox 1996 1011 2279 1089; x_wconf 83' lang='lat' dir='ltr'><strong>protulit,</strong></span> <span class='ocrx_word' id='word_1_55' title='bbox 2322 1030 2528 1074; x_wconf 87' lang='lat' dir='ltr'><strong>verum</strong></span> 
     </span>
     <span class='ocr_line' id='line_1_9' title="bbox 355 1112 2588 1196; baseline 0.004 -21"><span class='ocrx_word' id='word_1_56' title='bbox 355 1118 452 1176; x_wconf 88' lang='lat' dir='ltr'><strong>est</strong></span> <span class='ocrx_word' id='word_1_57' title='bbox 493 1112 776 1175; x_wconf 76' lang='lat' dir='ltr'><strong>Heracliti</strong></span> <span class='ocrx_word' id='word_1_58' title='bbox 820 1114 974 1175; x_wconf 88' lang='lat' dir='ltr'><strong>inter</strong></span> <span class='ocrx_word' id='word_1_59' title='bbox 1012 1121 1073 1176; x_wconf 88' lang='lat' dir='ltr'><strong>et</strong></span> <span class='ocrx_word' id='word_1_60' title='bbox 1114 1115 1479 1196; x_wconf 79' lang='lat' dir='ltr'><strong>Protagorae</strong></span> <span class='ocrx_word' id='word_1_61' title='bbox 1525 1114 1960 1196; x_wconf 78' lang='lat' dir='ltr'><strong>philosophiam</strong></span> <span class='ocrx_word' id='word_1_62' title='bbox 2009 1117 2349 1182; x_wconf 83' lang='lat' dir='ltr'><strong>discrimen.</strong></span> <span class='ocrx_word' id='word_1_63' title='bbox 2435 1120 2528 1183; x_wconf 84' lang='lat' dir='ltr'><strong>Ex</strong></span> <span class='ocrx_word' id='word_1_64' title='bbox 2574 1178 2588 1188; x_wconf 78' lang='grc'>,</span> 
     </span>
     <span class='ocr_line' id='line_1_10' title="bbox 355 1221 2523 1305; baseline 0.004 -22"><span class='ocrx_word' id='word_1_65' title='bbox 355 1221 661 1301; x_wconf 90' lang='lat' dir='ltr'><strong>utriusque</strong></span> <span class='ocrx_word' id='word_1_66' title='bbox 703 1221 858 1283; x_wconf 91' lang='lat' dir='ltr'><strong>enim</strong></span> <span class='ocrx_word' id='word_1_67' title='bbox 903 1224 1199 1285; x_wconf 87' lang='lat' dir='ltr'><strong>sententia</strong></span> <span class='ocrx_word' id='word_1_68' title='bbox 1246 1225 1549 1285; x_wconf 87' lang='lat' dir='ltr'><strong>contraria</strong></span> <span class='ocrx_word' id='word_1_69' title='bbox 1593 1241 1736 1285; x_wconf 88' lang='lat' dir='ltr'><strong>vera</strong></span> <span class='ocrx_word' id='word_1_70' title='bbox 1780 1240 1918 1286; x_wconf 89' lang='lat' dir='ltr'><strong>esse</strong></span> <span class='ocrx_word' id='word_1_71' title='bbox 1964 1233 2254 1305; x_wconf 83' lang='lat' dir='ltr'><strong>possunt:</strong></span> <span class='ocrx_word' id='word_1_72' title='bbox 2295 1228 2406 1290; x_wconf 87' lang='lat' dir='ltr'><strong>sed</strong></span> <span class='ocrx_word' id='word_1_73' title='bbox 2445 1246 2523 1292; x_wconf 90' lang='lat' dir='ltr'><strong>eo</strong></span> 
     </span>
     <span class='ocr_line' id='line_1_11' title="bbox 355 1330 2528 1416; baseline 0.003 -24"><span class='ocrx_word' id='word_1_74' title='bbox 355 1330 667 1409; x_wconf 84' lang='lat' dir='ltr'><strong>differunt,</strong></span> <span class='ocrx_word' id='word_1_75' title='bbox 712 1331 869 1411; x_wconf 88' lang='lat' dir='ltr'><strong>quod</strong></span> <span class='ocrx_word' id='word_1_76' title='bbox 918 1331 1245 1394; x_wconf 86' lang='lat' dir='ltr'><strong>secundum</strong></span> <span class='ocrx_word' id='word_1_77' title='bbox 1303 1331 1663 1395; x_wconf 82' lang='lat' dir='ltr'><strong>Heraclitum</strong></span> <span class='ocrx_word' id='word_1_78' title='bbox 1705 1334 1917 1413; x_wconf 89' lang='lat' dir='ltr'><strong>cuique</strong></span> <span class='ocrx_word' id='word_1_79' title='bbox 1962 1335 2054 1395; x_wconf 89' lang='lat' dir='ltr'><strong>rei</strong></span> <span class='ocrx_word' id='word_1_80' title='bbox 2093 1351 2328 1416; x_wconf 88' lang='lat' dir='ltr'><strong>semper</strong></span> <span class='ocrx_word' id='word_1_81' title='bbox 2369 1353 2528 1398; x_wconf 89' lang='lat' dir='ltr'><strong>con-</strong></span> 
     </span>
     <span class='ocr_line' id='line_1_12' title="bbox 353 1439 2526 1522; baseline -0 -21"><span class='ocrx_word' id='word_1_82' title='bbox 353 1440 539 1501; x_wconf 86' lang='lat' dir='ltr'><strong>traria</strong></span> <span class='ocrx_word' id='word_1_83' title='bbox 580 1446 717 1501; x_wconf 89' lang='lat' dir='ltr'><strong>sunt</strong></span> <span class='ocrx_word' id='word_1_84' title='bbox 757 1440 1031 1500; x_wconf 88' lang='lat' dir='ltr'><strong>attributa</strong></span> <span class='ocrx_word' id='word_1_85' title='bbox 1076 1439 1236 1502; x_wconf 87' lang='lat' dir='ltr'><strong>nulla</strong></span> <span class='ocrx_word' id='word_1_86' title='bbox 1283 1439 1484 1503; x_wconf 88' lang='lat' dir='ltr'><strong>habita</strong></span> <span class='ocrx_word' id='word_1_87' title='bbox 1530 1441 1765 1502; x_wconf 86' lang='lat' dir='ltr'><strong>ratione</strong></span> <span class='ocrx_word' id='word_1_88' title='bbox 1806 1448 1999 1502; x_wconf 85' lang='lat' dir='ltr'><strong>utrum</strong></span> <span class='ocrx_word' id='word_1_89' title='bbox 2021 1443 2297 1505; x_wconf 82' lang='lat' dir='ltr'><strong>sensibus</strong></span> <span class='ocrx_word' id='word_1_90' title='bbox 2323 1444 2526 1522; x_wconf 90' lang='lat' dir='ltr'><strong>perci..</strong></span> 
     </span>
     <span class='ocr_line' id='line_1_13' title="bbox 353 1546 2526 1629; baseline 0.002 -20"><span class='ocrx_word' id='word_1_91' title='bbox 353 1547 588 1627; x_wconf 86' lang='lat' dir='ltr'><strong>piantur</strong></span> <span class='ocrx_word' id='word_1_92' title='bbox 615 1563 844 1608; x_wconf 86' lang='lat' dir='ltr'><strong>necne:</strong></span> <span class='ocrx_word' id='word_1_93' title='bbox 888 1563 1028 1607; x_wconf 82' lang='lat' dir='ltr'><strong>nam</strong></span> <span class='ocrx_word' id='word_1_94' title='bbox 1057 1546 1255 1609; x_wconf 87' lang='lat' dir='ltr'><strong>sinon</strong></span> <span class='ocrx_word' id='word_1_95' title='bbox 1284 1554 1750 1629; x_wconf 87' lang='lat' dir='ltr'><strong>cognoscuntur,</strong></span> <span class='ocrx_word' id='word_1_96' title='bbox 1795 1565 1975 1609; x_wconf 84' lang='lat' dir='ltr'><strong>causa</strong></span> <span class='ocrx_word' id='word_1_97' title='bbox 2010 1555 2104 1610; x_wconf 89' lang='lat' dir='ltr'><strong>est</strong></span> <span class='ocrx_word' id='word_1_98' title='bbox 2140 1550 2199 1610; x_wconf 92' lang='lat' dir='ltr'><strong>in</strong></span> <span class='ocrx_word' id='word_1_99' title='bbox 2243 1567 2526 1614; x_wconf 90' lang='lat' dir='ltr'><strong>sensuum</strong></span> 
     </span>
     <span class='ocr_line' id='line_1_14' title="bbox 351 1653 2595 1739; baseline 0.002 -22"><span class='ocrx_word' id='word_1_100' title='bbox 351 1655 753 1733; x_wconf 78' lang='lat' dir='ltr'><strong>imbecillitate</strong></span> <span class='ocrx_word' id='word_1_101' title='bbox 815 1661 992 1735; x_wconf 88' lang='lat' dir='ltr'><strong>atque</strong></span> <span class='ocrx_word' id='word_1_102' title='bbox 1057 1654 1226 1727; x_wconf 75' lang='grc' dir='ltr'><strong><em>ἰδίας</em></strong></span> <span class='ocrx_word' id='word_1_103' title='bbox 1290 1654 1657 1737; x_wconf 78' lang='grc' dir='ltr'><strong><em>φρονήσεως</em></strong></span> <span class='ocrx_word' id='word_1_104' title='bbox 1717 1653 2039 1718; x_wconf 82' lang='lat' dir='ltr'><strong>fallacitate</strong></span> <span class='ocrx_word' id='word_1_105' title='bbox 2095 1657 2289 1734; x_wconf 83' lang='lat' dir='ltr'><strong>(Sext.</strong></span> <span class='ocrx_word' id='word_1_106' title='bbox 2353 1658 2524 1739; x_wconf 86' lang='lat' dir='ltr'><strong>Emp.</strong></span> <span class='ocrx_word' id='word_1_107' title='bbox 2587 1668 2595 1678; x_wconf 92' lang='grc'><em>’</em></span> 
     </span>
     <span class='ocr_line' id='line_1_15' title="bbox 351 1757 2529 1849; baseline 0.002 -25"><span class='ocrx_word' id='word_1_108' title='bbox 351 1763 490 1825; x_wconf 68' lang='lat' dir='ltr'><strong>adv.</strong></span> <span class='ocrx_word' id='word_1_109' title='bbox 535 1762 714 1826; x_wconf 81' lang='lat' dir='ltr'><strong>Math.</strong></span> <span class='ocrx_word' id='word_1_110' title='bbox 758 1762 859 1825; x_wconf 82' lang='lat' dir='ltr'><strong>lib.</strong></span> <span class='ocrx_word' id='word_1_111' title='bbox 905 1761 1025 1825; x_wconf 83' lang='lat' dir='ltr'><strong>Vll.</strong></span> <span class='ocrx_word' id='word_1_112' title='bbox 1074 1761 1334 1848; x_wconf 79' lang='lat'><strong>§.130:</strong></span> <span class='ocrx_word' id='word_1_113' title='bbox 1381 1757 1575 1826; x_wconf 61' lang='grc' dir='ltr'><em>’Ὅθεν</em></span> <span class='ocrx_word' id='word_1_114' title='bbox 1619 1759 1686 1825; x_wconf 81' lang='grc' dir='ltr'><strong>τὸ</strong></span> <span class='ocrx_word' id='word_1_115' title='bbox 1721 1765 1839 1841; x_wconf 76' lang='grc' dir='ltr'><strong>μὲν</strong></span> <span class='ocrx_word' id='word_1_116' title='bbox 1884 1767 2056 1849; x_wconf 77' lang='grc' dir='ltr'><strong><em>κοινῇ</em></strong></span> <span class='ocrx_word' id='word_1_117' title='bbox 2099 1766 2248 1828; x_wconf 78' lang='grc' dir='ltr'><em>πᾶσι</em></span> <span class='ocrx_word' id='word_1_118' title='bbox 2297 1768 2529 1849; x_wconf 72' lang='grc' dir='ltr'><em>φαινό-</em></span> 
     </span>
     <span class='ocr_line' id='line_1_16' title="bbox 347 1861 2525 1957; baseline 0.002 -25"><span class='ocrx_word' id='word_1_119' title='bbox 347 1891 534 1949; x_wconf 71' lang='grc' dir='ltr'><strong><em>μενον</em></strong></span> <span class='ocrx_word' id='word_1_120' title='bbox 572 1870 742 1933; x_wconf 77' lang='grc' dir='ltr'><strong><em>ταῦτ’</em></strong></span> <span class='ocrx_word' id='word_1_121' title='bbox 790 1861 955 1932; x_wconf 77' lang='grc' dir='ltr'><strong><em>εἶναι</em></strong></span> <span class='ocrx_word' id='word_1_122' title='bbox 983 1866 1222 1932; x_wconf 76' lang='grc' dir='ltr'><em>πιστόν·</em></span> <span class='ocrx_word' id='word_1_123' title='bbox 1291 1870 1378 1953; x_wconf 74' lang='grc' dir='ltr'><strong>τῷ</strong></span> <span class='ocrx_word' id='word_1_124' title='bbox 1418 1870 1603 1953; x_wconf 68' lang='grc' dir='ltr'><strong><em>κοινῷ</em></strong></span> <span class='ocrx_word' id='word_1_125' title='bbox 1638 1867 1761 1950; x_wconf 77' lang='grc' dir='ltr'><strong>γὰρ</strong></span> <span class='ocrx_word' id='word_1_126' title='bbox 1804 1870 1914 1932; x_wconf 80' lang='grc' dir='ltr'><em>καί</em></span> <span class='ocrx_word' id='word_1_127' title='bbox 1954 1872 2107 1957; x_wconf 76' lang='grc' dir='ltr'><strong>θείῳ</strong></span> <span class='ocrx_word' id='word_1_128' title='bbox 2151 1868 2311 1957; x_wconf 74' lang='grc' dir='ltr'><strong>λόγῳ</strong></span> <span class='ocrx_word' id='word_1_129' title='bbox 2361 1878 2525 1952; x_wconf 79' lang='grc' dir='ltr'><strong><em>λαμ-</em></strong></span> 
     </span>
     <span class='ocr_line' id='line_1_17' title="bbox 347 1971 2518 2062; baseline 0.001 -22"><span class='ocrx_word' id='word_1_130' title='bbox 347 1974 645 2058; x_wconf 77' lang='grc' dir='ltr'><strong>βάνεται·</strong></span> <span class='ocrx_word' id='word_1_131' title='bbox 711 1974 780 2039; x_wconf 77' lang='grc' dir='ltr'><strong>τὸ</strong></span> <span class='ocrx_word' id='word_1_132' title='bbox 825 1978 897 2040; x_wconf 79' lang='grc' dir='ltr'><strong>δέ</strong></span> <span class='ocrx_word' id='word_1_133' title='bbox 938 1999 1058 2039; x_wconf 73' lang='grc' dir='ltr'><strong>τινι</strong></span> <span class='ocrx_word' id='word_1_134' title='bbox 1102 1975 1272 2062; x_wconf 72' lang='grc' dir='ltr'>μόνῳ</span> <span class='ocrx_word' id='word_1_135' title='bbox 1323 1984 1713 2056; x_wconf 72' lang='grc' dir='ltr'><em>προσπῖπτον</em></span> <span class='ocrx_word' id='word_1_136' title='bbox 1752 1971 2015 2041; x_wconf 74' lang='grc' dir='ltr'><em>ἄπιστον</em></span> <span class='ocrx_word' id='word_1_137' title='bbox 2058 1973 2367 2059; x_wconf 71' lang='grc' dir='ltr'><strong>ὑπάρχειν</strong></span> <span class='ocrx_word' id='word_1_138' title='bbox 2411 1978 2518 2044; x_wconf 71' lang='grc' dir='ltr'><strong>διὰ</strong></span> 
     </span>
     <span class='ocr_line' id='line_1_18' title="bbox 345 2081 2522 2166; baseline 0.001 -19"><span class='ocrx_word' id='word_1_139' title='bbox 345 2081 459 2166; x_wconf 72' lang='grc' dir='ltr'><strong>τὴν</strong></span> <span class='ocrx_word' id='word_1_140' title='bbox 502 2086 792 2148; x_wconf 72' lang='grc' dir='ltr'><strong>ἐναντίαν</strong></span> <span class='ocrx_word' id='word_1_141' title='bbox 833 2085 1106 2160; x_wconf 59' lang='grc' dir='ltr'><strong>αἰτίαν).</strong></span> <span class='ocrx_word' id='word_1_142' title='bbox 1164 2084 1494 2146; x_wconf 83' lang='lat' dir='ltr'><strong>secundum</strong></span> <span class='ocrx_word' id='word_1_143' title='bbox 1534 2085 1920 2166; x_wconf 83' lang='lat' dir='ltr'><strong>Protagoram</strong></span> <span class='ocrx_word' id='word_1_144' title='bbox 1971 2102 2121 2148; x_wconf 86' lang='lat' dir='ltr'><strong>vero</strong></span> <span class='ocrx_word' id='word_1_145' title='bbox 2172 2087 2385 2166; x_wconf 87' lang='lat' dir='ltr'><strong>cuique</strong></span> <span class='ocrx_word' id='word_1_146' title='bbox 2431 2088 2522 2151; x_wconf 88' lang='lat' dir='ltr'><strong>rei</strong></span> 
     </span>
     <span class='ocr_line' id='line_1_19' title="bbox 350 2192 2518 2273; baseline 0 -19"><span class='ocrx_word' id='word_1_147' title='bbox 350 2192 651 2255; x_wconf 86' lang='lat' dir='ltr'><strong>contraria</strong></span> <span class='ocrx_word' id='word_1_148' title='bbox 717 2193 954 2255; x_wconf 86' lang='lat' dir='ltr'><strong>attribui</strong></span> <span class='ocrx_word' id='word_1_149' title='bbox 1018 2197 1271 2273; x_wconf 86' lang='lat' dir='ltr'><strong>possunt</strong></span> <span class='ocrx_word' id='word_1_150' title='bbox 1335 2193 1579 2255; x_wconf 89' lang='lat' dir='ltr'><strong>nonnisi</strong></span> <span class='ocrx_word' id='word_1_151' title='bbox 1642 2193 1921 2256; x_wconf 88' lang='lat' dir='ltr'><strong>sensibus</strong></span> <span class='ocrx_word' id='word_1_152' title='bbox 1986 2201 2307 2273; x_wconf 84' lang='lat' dir='ltr'><strong>percepta:</strong></span> <span class='ocrx_word' id='word_1_153' title='bbox 2378 2212 2518 2255; x_wconf 86' lang='lat' dir='ltr'><strong>nam</strong></span> 
     </span>
     <span class='ocr_line' id='line_1_20' title="bbox 347 2299 2515 2379; baseline 0.001 -18"><span class='ocrx_word' id='word_1_154' title='bbox 347 2317 502 2379; x_wconf 85' lang='lat' dir='ltr'><strong>quae</strong></span> <span class='ocrx_word' id='word_1_155' title='bbox 540 2317 660 2362; x_wconf 92' lang='lat' dir='ltr'><strong>non</strong></span> <span class='ocrx_word' id='word_1_156' title='bbox 706 2300 765 2362; x_wconf 93' lang='lat' dir='ltr'><strong>in</strong></span> <span class='ocrx_word' id='word_1_157' title='bbox 806 2317 1022 2362; x_wconf 88' lang='lat' dir='ltr'><strong>sensus</strong></span> <span class='ocrx_word' id='word_1_158' title='bbox 1064 2299 1324 2377; x_wconf 85' lang='lat' dir='ltr'><strong>cadunt,</strong></span> <span class='ocrx_word' id='word_1_159' title='bbox 1366 2317 1493 2363; x_wconf 88' lang='lat' dir='ltr'><strong>non</strong></span> <span class='ocrx_word' id='word_1_160' title='bbox 1528 2307 1687 2363; x_wconf 87' lang='lat' dir='ltr'><strong>sunt.</strong></span> <span class='ocrx_word' id='word_1_161' title='bbox 1773 2301 2110 2365; x_wconf 89' lang='lat' dir='ltr'><strong>Secundum</strong></span> <span class='ocrx_word' id='word_1_162' title='bbox 2157 2301 2515 2364; x_wconf 87' lang='lat' dir='ltr'><strong>Heraclitum</strong></span> 
     </span>
     <span class='ocr_line' id='line_1_21' title="bbox 347 2399 2518 2492; baseline 0.001 -23"><span class='ocrx_word' id='word_1_163' title='bbox 347 2409 645 2470; x_wconf 86' lang='lat' dir='ltr'><strong>contraria</strong></span> <span class='ocrx_word' id='word_1_164' title='bbox 689 2411 900 2490; x_wconf 86' lang='lat' dir='ltr'><strong>cuique</strong></span> <span class='ocrx_word' id='word_1_165' title='bbox 943 2409 1031 2471; x_wconf 88' lang='lat' dir='ltr'><strong>rei</strong></span> <span class='ocrx_word' id='word_1_166' title='bbox 1076 2409 1352 2471; x_wconf 89' lang='lat' dir='ltr'><strong>attributa</strong></span> <span class='ocrx_word' id='word_1_167' title='bbox 1397 2415 1535 2471; x_wconf 87' lang='lat' dir='ltr'><strong>sunt</strong></span> <span class='ocrx_word' id='word_1_168' title='bbox 1583 2399 1794 2492; x_wconf 75' lang='grc' dir='ltr'><strong><em>φύσει,</em></strong></span> <span class='ocrx_word' id='word_1_169' title='bbox 1848 2410 2175 2472; x_wconf 86' lang='lat' dir='ltr'><strong>secundum</strong></span> <span class='ocrx_word' id='word_1_170' title='bbox 2220 2410 2518 2491; x_wconf 84' lang='lat' dir='ltr'><strong>Protago-</strong></span> 
     </span>
     <span class='ocr_line' id='line_1_22' title="bbox 345 2517 2518 2604; baseline 0.002 -27"><span class='ocrx_word' id='word_1_171' title='bbox 345 2534 472 2580; x_wconf 90' lang='lat' dir='ltr'><strong>ram</strong></span> <span class='ocrx_word' id='word_1_172' title='bbox 532 2517 702 2604; x_wconf 74' lang='grc' dir='ltr'><strong>νόμῳ</strong></span> <span class='ocrx_word' id='word_1_173' title='bbox 759 2520 1067 2594; x_wconf 80' lang='lat' dir='ltr'><strong>(Ammon.</strong></span> <span class='ocrx_word' id='word_1_174' title='bbox 1130 2518 1329 2580; x_wconf 86' lang='lat' dir='ltr'><strong>Herm.</strong></span> <span class='ocrx_word' id='word_1_175' title='bbox 1372 2517 1411 2579; x_wconf 93' lang='lat' dir='ltr'><strong>l.</strong></span> <span class='ocrx_word' id='word_1_176' title='bbox 1477 2536 1615 2599; x_wconf 85' lang='lat' dir='ltr'><strong>pag.</strong></span> <span class='ocrx_word' id='word_1_177' title='bbox 1655 2518 1757 2581; x_wconf 86' lang='grc'><strong>88.</strong></span> <span class='ocrx_word' id='word_1_178' title='bbox 1819 2518 2002 2596; x_wconf 87' lang='lat' dir='ltr'><strong>ind.).</strong></span> <span class='ocrx_word' id='word_1_179' title='bbox 2109 2519 2275 2581; x_wconf 88' lang='lat' dir='ltr'><strong>Haec</strong></span> <span class='ocrx_word' id='word_1_180' title='bbox 2336 2520 2518 2597; x_wconf 83' lang='lat' dir='ltr'><strong>igitur</strong></span> 
     </span>
     <span class='ocr_line' id='line_1_23' title="bbox 345 2624 2518 2707; baseline 0 -20"><span class='ocrx_word' id='word_1_181' title='bbox 345 2643 488 2688; x_wconf 85' lang='lat' dir='ltr'><strong>vera</strong></span> <span class='ocrx_word' id='word_1_182' title='bbox 535 2624 629 2688; x_wconf 80' lang='lat' dir='ltr'><strong>est</strong></span> <span class='ocrx_word' id='word_1_183' title='bbox 676 2627 1120 2703; x_wconf 82' lang='lat' dir='ltr'><strong>discrepantia:</strong></span> <span class='ocrx_word' id='word_1_184' title='bbox 1163 2628 1272 2688; x_wconf 86' lang='lat' dir='ltr'><strong>sed</strong></span> <span class='ocrx_word' id='word_1_185' title='bbox 1317 2628 1448 2707; x_wconf 86' lang='lat' dir='ltr'><strong>quis</strong></span> <span class='ocrx_word' id='word_1_186' title='bbox 1490 2644 1748 2707; x_wconf 84' lang='lat' dir='ltr'><strong>unquam</strong></span> <span class='ocrx_word' id='word_1_187' title='bbox 1795 2628 2030 2707; x_wconf 72' lang='lat' dir='ltr'><strong>singula</strong></span> <span class='ocrx_word' id='word_1_188' title='bbox 2076 2644 2348 2707; x_wconf 87' lang='lat' dir='ltr'><strong>quaeque</strong></span> <span class='ocrx_word' id='word_1_189' title='bbox 2391 2627 2518 2688; x_wconf 78' lang='lat' dir='ltr'><strong>lle-</strong></span> 
     </span>
     <span class='ocr_line' id='line_1_24' title="bbox 341 2733 2513 2816; baseline 0 -20"><span class='ocrx_word' id='word_1_190' title='bbox 341 2733 535 2796; x_wconf 81' lang='lat' dir='ltr'><strong>racliti</strong></span> <span class='ocrx_word' id='word_1_191' title='bbox 600 2734 814 2814; x_wconf 87' lang='lat' dir='ltr'><strong>placita</strong></span> <span class='ocrx_word' id='word_1_192' title='bbox 874 2735 1262 2816; x_wconf 87' lang='lat' dir='ltr'><strong>Protagoram</strong></span> <span class='ocrx_word' id='word_1_193' title='bbox 1324 2753 1435 2796; x_wconf 90' lang='lat' dir='ltr'><strong>sua</strong></span> <span class='ocrx_word' id='word_1_194' title='bbox 1498 2734 1726 2796; x_wconf 84' lang='lat' dir='ltr'><strong>fecisse</strong></span> <span class='ocrx_word' id='word_1_195' title='bbox 1785 2735 2003 2814; x_wconf 75' lang='lat' dir='ltr'><strong>putet?</strong></span> <span class='ocrx_word' id='word_1_196' title='bbox 2098 2736 2193 2796; x_wconf 87' lang='lat' dir='ltr'><strong>An</strong></span> <span class='ocrx_word' id='word_1_197' title='bbox 2254 2736 2513 2797; x_wconf 82' lang='lat' dir='ltr'><strong>fortasse</strong></span> 
     </span>
     <span class='ocr_line' id='line_1_25' title="bbox 340 2842 2511 2924; baseline 0 -20"><span class='ocrx_word' id='word_1_198' title='bbox 340 2843 648 2922; x_wconf 84' lang='lat' dir='ltr'><strong>quisquam</strong></span> <span class='ocrx_word' id='word_1_199' title='bbox 696 2843 1108 2905; x_wconf 87' lang='lat' dir='ltr'><strong>demonstrare</strong></span> <span class='ocrx_word' id='word_1_200' title='bbox 1146 2843 1357 2923; x_wconf 85' lang='lat' dir='ltr'><strong>possit,</strong></span> <span class='ocrx_word' id='word_1_201' title='bbox 1400 2842 1728 2904; x_wconf 88' lang='lat' dir='ltr'><strong>Democriti</strong></span> <span class='ocrx_word' id='word_1_202' title='bbox 1774 2842 2108 2904; x_wconf 88' lang='lat' dir='ltr'><strong>doctrinam</strong></span> <span class='ocrx_word' id='word_1_203' title='bbox 2142 2844 2435 2924; x_wconf 85' lang='lat' dir='ltr'><strong>integram</strong></span> <span class='ocrx_word' id='word_1_204' title='bbox 2473 2860 2511 2904; x_wconf 90' lang='lat' dir='ltr'><strong>a</strong></span> 
     </span>
     <span class='ocr_line' id='line_1_26' title="bbox 340 2950 2513 3033; baseline -0 -20"><span class='ocrx_word' id='word_1_205' title='bbox 340 2950 604 3033; x_wconf 88' lang='lat' dir='ltr'><strong>sophista</strong></span> <span class='ocrx_word' id='word_1_206' title='bbox 644 2969 784 3014; x_wconf 91' lang='lat' dir='ltr'><strong>esse</strong></span> <span class='ocrx_word' id='word_1_207' title='bbox 825 2958 1146 3032; x_wconf 89' lang='lat' dir='ltr'><strong>receptam,</strong></span> <span class='ocrx_word' id='word_1_208' title='bbox 1194 2950 1351 3030; x_wconf 88' lang='lat' dir='ltr'><strong>apud</strong></span> <span class='ocrx_word' id='word_1_209' title='bbox 1393 2968 1570 3031; x_wconf 87' lang='lat' dir='ltr'><strong>quem</strong></span> <span class='ocrx_word' id='word_1_210' title='bbox 1619 2950 1695 3012; x_wconf 89' lang='lat' dir='ltr'><strong>de</strong></span> <span class='ocrx_word' id='word_1_211' title='bbox 1743 2951 1996 3028; x_wconf 88' lang='lat' dir='ltr'><strong>atomis,</strong></span> <span class='ocrx_word' id='word_1_212' title='bbox 2043 2968 2195 3032; x_wconf 85' lang='lat' dir='ltr'><strong>quae</strong></span> <span class='ocrx_word' id='word_1_213' title='bbox 2241 2951 2321 3013; x_wconf 91' lang='lat' dir='ltr'><strong>illi</strong></span> <span class='ocrx_word' id='word_1_214' title='bbox 2367 2969 2513 3031; x_wconf 86' lang='lat' dir='ltr'><strong>pro-</strong></span> 
     </span>
     <span class='ocr_line' id='line_1_27' title="bbox 342 3058 2513 3140; baseline 0 -18"><span class='ocrx_word' id='word_1_215' title='bbox 342 3063 507 3140; x_wconf 88' lang='lat' dir='ltr'><strong>priae</strong></span> <span class='ocrx_word' id='word_1_216' title='bbox 561 3067 741 3140; x_wconf 86' lang='lat' dir='ltr'><strong>sunt,</strong></span> <span class='ocrx_word' id='word_1_217' title='bbox 802 3079 881 3122; x_wconf 91' lang='lat' dir='ltr'><strong>ne</strong></span> <span class='ocrx_word' id='word_1_218' title='bbox 936 3060 1179 3127; x_wconf 90' lang='lat' dir='ltr'><strong>verbum</strong></span> <span class='ocrx_word' id='word_1_219' title='bbox 1226 3059 1461 3139; x_wconf 87' lang='lat' dir='ltr'><strong>quidem</strong></span> <span class='ocrx_word' id='word_1_220' title='bbox 1508 3059 1895 3122; x_wconf 80' lang='lat' dir='ltr'><strong>inveniatur?</strong></span> <span class='ocrx_word' id='word_1_221' title='bbox 1976 3058 2121 3122; x_wconf 90' lang='lat' dir='ltr'><strong>Inde</strong></span> <span class='ocrx_word' id='word_1_222' title='bbox 2166 3061 2324 3122; x_wconf 90' lang='lat' dir='ltr'><strong>enim</strong></span> <span class='ocrx_word' id='word_1_223' title='bbox 2366 3059 2513 3123; x_wconf 88' lang='lat' dir='ltr'><strong>nihil</strong></span> 
     </span>
     <span class='ocr_line' id='line_1_28' title="bbox 337 3158 2509 3250; baseline 0 -19"><span class='ocrx_word' id='word_1_224' title='bbox 337 3168 608 3245; x_wconf 83' lang='lat' dir='ltr'><strong>efficitur,</strong></span> <span class='ocrx_word' id='word_1_225' title='bbox 647 3169 762 3231; x_wconf 91' lang='lat' dir='ltr'><strong>nisi</strong></span> <span class='ocrx_word' id='word_1_226' title='bbox 807 3158 983 3230; x_wconf 51' lang='lat' dir='ltr'><strong>{ratde</strong></span> <span class='ocrx_word' id='word_1_227' title='bbox 1028 3186 1266 3231; x_wconf 90' lang='lat' dir='ltr'><strong>errasse</strong></span> <span class='ocrx_word' id='word_1_228' title='bbox 1301 3167 1665 3246; x_wconf 85' lang='lat' dir='ltr'><strong>Herbstium,</strong></span> <span class='ocrx_word' id='word_1_229' title='bbox 1707 3169 1803 3249; x_wconf 90' lang='lat' dir='ltr'><strong>qui</strong></span> <span class='ocrx_word' id='word_1_230' title='bbox 1844 3185 1983 3249; x_wconf 84' lang='lat' dir='ltr'><strong>pag.</strong></span> <span class='ocrx_word' id='word_1_231' title='bbox 2033 3168 2168 3231; x_wconf 84' lang='lat'><strong>110.</strong></span> <span class='ocrx_word' id='word_1_232' title='bbox 2210 3175 2271 3231; x_wconf 88' lang='lat' dir='ltr'><strong>et</strong></span> <span class='ocrx_word' id='word_1_233' title='bbox 2296 3186 2352 3249; x_wconf 87' lang='lat' dir='ltr'><strong>q.</strong></span> <span class='ocrx_word' id='word_1_234' title='bbox 2380 3186 2509 3250; x_wconf 84' lang='lat' dir='ltr'><strong>seq.</strong></span> 
     </span>
     <span class='ocr_line' id='line_1_29' title="bbox 335 3276 2513 3358; baseline 0 -20"><span class='ocrx_word' id='word_1_235' title='bbox 335 3277 497 3340; x_wconf 84' lang='lat' dir='ltr'><strong>hanc</strong></span> <span class='ocrx_word' id='word_1_236' title='bbox 539 3276 694 3338; x_wconf 81' lang='lat' dir='ltr'><strong>ferat</strong></span> <span class='ocrx_word' id='word_1_237' title='bbox 732 3276 807 3338; x_wconf 88' lang='lat' dir='ltr'><strong>de</strong></span> <span class='ocrx_word' id='word_1_238' title='bbox 828 3277 1194 3358; x_wconf 88' lang='lat' dir='ltr'><strong>Protagorae</strong></span> <span class='ocrx_word' id='word_1_239' title='bbox 1223 3276 1599 3357; x_wconf 86' lang='lat' dir='ltr'><strong>philosophia</strong></span> <span class='ocrx_word' id='word_1_240' title='bbox 1622 3278 1975 3339; x_wconf 86' lang='lat' dir='ltr'><strong>sententiam</strong></span> <span class='ocrx_word' id='word_1_241' title='bbox 2021 3277 2182 3338; x_wconf 90' lang='lat' dir='ltr'><strong>omni</strong></span> <span class='ocrx_word' id='word_1_242' title='bbox 2223 3294 2304 3338; x_wconf 80' lang='lat' dir='ltr'><strong>ex</strong></span> <span class='ocrx_word' id='word_1_243' title='bbox 2346 3283 2513 3356; x_wconf 87' lang='lat' dir='ltr'><strong>parte</strong></span> 
     </span>
     <span class='ocr_line' id='line_1_30' title="bbox 333 3382 2511 3464; baseline -0.001 -18"><span class='ocrx_word' id='word_1_244' title='bbox 333 3401 721 3464; x_wconf 84' lang='lat' dir='ltr'><strong>perversam:</strong></span> <span class='ocrx_word' id='word_1_245' title='bbox 784 3382 966 3462; x_wconf 82' lang='lat' dir='ltr'><strong>„Was</strong></span> <span class='ocrx_word' id='word_1_246' title='bbox 1012 3383 1282 3446; x_wconf 89' lang='lat' dir='ltr'><strong>Wunder</strong></span> <span class='ocrx_word' id='word_1_247' title='bbox 1322 3382 1491 3459; x_wconf 85' lang='lat' dir='ltr'><strong>also,</strong></span> <span class='ocrx_word' id='word_1_248' title='bbox 1549 3399 1725 3444; x_wconf 85' lang='lat' dir='ltr'><strong>wenn</strong></span> <span class='ocrx_word' id='word_1_249' title='bbox 1769 3382 1920 3445; x_wconf 91' lang='lat' dir='ltr'><strong>auch</strong></span> <span class='ocrx_word' id='word_1_250' title='bbox 1969 3383 2352 3464; x_wconf 86' lang='lat' dir='ltr'><strong>Protagoras,</strong></span> <span class='ocrx_word' id='word_1_251' title='bbox 2397 3401 2511 3444; x_wconf 87' lang='lat' dir='ltr'><strong>zu-</strong></span> 
     </span>
     <span class='ocr_line' id='line_1_31' title="bbox 333 3491 2512 3571; baseline -0.001 -14"><span class='ocrx_word' id='word_1_252' title='bbox 333 3493 450 3559; x_wconf 87' lang='lat' dir='ltr'><strong>mal</strong></span> <span class='ocrx_word' id='word_1_253' title='bbox 492 3493 591 3555; x_wconf 90' lang='lat' dir='ltr'><strong>bei</strong></span> <span class='ocrx_word' id='word_1_254' title='bbox 635 3493 863 3554; x_wconf 88' lang='lat' dir='ltr'><strong>seinem</strong></span> <span class='ocrx_word' id='word_1_255' title='bbox 906 3491 1470 3571; x_wconf 87' lang='lat' dir='ltr'><strong>grossthuerischen</strong></span> <span class='ocrx_word' id='word_1_256' title='bbox 1500 3491 1745 3567; x_wconf 80' lang='lat' dir='ltr'><strong>wesen,</strong></span> <span class='ocrx_word' id='word_1_257' title='bbox 1790 3491 1906 3553; x_wconf 88' lang='lat' dir='ltr'><strong>wie</strong></span> <span class='ocrx_word' id='word_1_258' title='bbox 1950 3491 2063 3552; x_wconf 89' lang='lat' dir='ltr'><strong>wir</strong></span> <span class='ocrx_word' id='word_1_259' title='bbox 2107 3508 2175 3553; x_wconf 89' lang='lat' dir='ltr'><strong>es</strong></span> <span class='ocrx_word' id='word_1_260' title='bbox 2204 3491 2262 3552; x_wconf 91' lang='lat' dir='ltr'><strong>in</strong></span> <span class='ocrx_word' id='word_1_261' title='bbox 2309 3491 2512 3554; x_wconf 88' lang='lat' dir='ltr'><strong>seiner</strong></span> 
     </span>
     <span class='ocr_line' id='line_1_32' title="bbox 330 3598 2510 3682; baseline -0.001 -17"><span class='ocrx_word' id='word_1_262' title='bbox 330 3601 631 3682; x_wconf 87' lang='lat' dir='ltr'><strong>Sophistik</strong></span> <span class='ocrx_word' id='word_1_263' title='bbox 675 3600 916 3663; x_wconf 85' lang='lat' dir='ltr'><strong>kennen</strong></span> <span class='ocrx_word' id='word_1_264' title='bbox 959 3600 1165 3663; x_wconf 89' lang='lat' dir='ltr'><strong>lernen</strong></span> <span class='ocrx_word' id='word_1_265' title='bbox 1196 3648 1214 3679; x_wconf 83' lang='lat'>‚</span> <span class='ocrx_word' id='word_1_266' title='bbox 1283 3602 1460 3662; x_wconf 89' lang='lat' dir='ltr'><strong>einen</strong></span> <span class='ocrx_word' id='word_1_267' title='bbox 1511 3598 2132 3681; x_wconf 70' lang='lat' dir='ltr'><strong>Ankniipfungspunkt</strong></span> <span class='ocrx_word' id='word_1_268' title='bbox 2188 3600 2282 3661; x_wconf 82' lang='lat' dir='ltr'><strong>fiir</strong></span> <span class='ocrx_word' id='word_1_269' title='bbox 2338 3601 2510 3663; x_wconf 75' lang='lat' dir='ltr'><strong>seina</strong></span> 
     </span>
     <span class='ocr_line' id='line_1_33' title="bbox 327 3708 2511 3791; baseline -0.002 -17"><span class='ocrx_word' id='word_1_270' title='bbox 327 3710 614 3774; x_wconf 85' lang='lat' dir='ltr'><strong>Rhetorik</strong></span> <span class='ocrx_word' id='word_1_271' title='bbox 659 3712 716 3773; x_wconf 92' lang='lat' dir='ltr'><strong>in</strong></span> <span class='ocrx_word' id='word_1_272' title='bbox 767 3710 880 3771; x_wconf 91' lang='lat' dir='ltr'><strong>den</strong></span> <span class='ocrx_word' id='word_1_273' title='bbox 931 3709 1266 3791; x_wconf 89' lang='lat' dir='ltr'><strong>damaligen</strong></span> <span class='ocrx_word' id='word_1_274' title='bbox 1322 3708 1855 3789; x_wconf 88' lang='lat' dir='ltr'><strong>philosophischen</strong></span> <span class='ocrx_word' id='word_1_275' title='bbox 1906 3710 2217 3788; x_wconf 83' lang='lat' dir='ltr'><strong>Systemen</strong></span> <span class='ocrx_word' id='word_1_276' title='bbox 2275 3708 2511 3789; x_wconf 84' lang='lat' dir='ltr'><strong>suchte,</strong></span> 
     </span>
     <span class='ocr_line' id='line_1_34' title="bbox 327 3816 2509 3899; baseline 0.001 -20"><span class='ocrx_word' id='word_1_277' title='bbox 327 3836 426 3879; x_wconf 89' lang='lat' dir='ltr'><strong>um</strong></span> <span class='ocrx_word' id='word_1_278' title='bbox 470 3819 600 3880; x_wconf 90' lang='lat' dir='ltr'><strong>sein</strong></span> <span class='ocrx_word' id='word_1_279' title='bbox 645 3819 930 3880; x_wconf 70' lang='lat' dir='ltr'><strong>Gebaude</strong></span> <span class='ocrx_word' id='word_1_280' title='bbox 976 3817 1139 3880; x_wconf 88' lang='lat' dir='ltr'><strong>nicht</strong></span> <span class='ocrx_word' id='word_1_281' title='bbox 1181 3821 1240 3879; x_wconf 92' lang='lat' dir='ltr'><strong>in</strong></span> <span class='ocrx_word' id='word_1_282' title='bbox 1294 3818 1404 3879; x_wconf 89' lang='lat' dir='ltr'><strong>der</strong></span> <span class='ocrx_word' id='word_1_283' title='bbox 1432 3817 1567 3879; x_wconf 82' lang='lat' dir='ltr'><strong>Luft</strong></span> <span class='ocrx_word' id='word_1_284' title='bbox 1604 3816 1826 3899; x_wconf 88' lang='lat' dir='ltr'><strong>fliegen</strong></span> <span class='ocrx_word' id='word_1_285' title='bbox 1869 3836 1945 3879; x_wconf 88' lang='lat' dir='ltr'><strong>zu</strong></span> <span class='ocrx_word' id='word_1_286' title='bbox 1988 3817 2209 3894; x_wconf 89' lang='lat' dir='ltr'><strong>lassen,</strong></span> <span class='ocrx_word' id='word_1_287' title='bbox 2245 3817 2364 3878; x_wconf 90' lang='lat' dir='ltr'><strong>und</strong></span> <span class='ocrx_word' id='word_1_288' title='bbox 2410 3836 2509 3882; x_wconf 87' lang='lat' dir='ltr'><strong>um</strong></span> 
     </span>
     <span class='ocr_line' id='line_1_35' title="bbox 327 3924 2511 4008; baseline 0 -21"><span class='ocrx_word' id='word_1_289' title='bbox 327 3925 500 3987; x_wconf 86' lang='lat' dir='ltr'><strong>scine</strong></span> <span class='ocrx_word' id='word_1_290' title='bbox 523 3924 975 4008; x_wconf 85' lang='lat' dir='ltr'><strong>Bestrebungen</strong></span> <span class='ocrx_word' id='word_1_291' title='bbox 1015 3927 1204 3988; x_wconf 87' lang='lat' dir='ltr'><strong>selbst</strong></span> <span class='ocrx_word' id='word_1_292' title='bbox 1239 3943 1316 3986; x_wconf 84' lang='lat' dir='ltr'><strong>zu</strong></span> <span class='ocrx_word' id='word_1_293' title='bbox 1357 3925 1834 4005; x_wconf 84' lang='lat' dir='ltr'><strong>entschuldigen.</strong></span> <span class='ocrx_word' id='word_1_294' title='bbox 1918 3926 2183 3988; x_wconf 89' lang='lat' dir='ltr'><strong>Nehmen</strong></span> <span class='ocrx_word' id='word_1_295' title='bbox 2226 3927 2338 3988; x_wconf 86' lang='lat' dir='ltr'><strong>wir</strong></span> <span class='ocrx_word' id='word_1_296' title='bbox 2378 3928 2511 3988; x_wconf 87' lang='lat' dir='ltr'><strong>sei-</strong></span> 
     </span>
     <span class='ocr_line' id='line_1_36' title="bbox 324 4032 2510 4114; baseline 0.001 -21"><span class='ocrx_word' id='word_1_297' title='bbox 324 4049 447 4094; x_wconf 89' lang='lat' dir='ltr'><strong>nen</strong></span> <span class='ocrx_word' id='word_1_298' title='bbox 488 4032 774 4095; x_wconf 82' lang='lat' dir='ltr'><strong>fruheren</strong></span> <span class='ocrx_word' id='word_1_299' title='bbox 820 4032 1804 4096; x_wconf 84' lang='lat' dir='ltr'><strong>elementar-wissenschastlichen</strong></span> <span class='ocrx_word' id='word_1_300' title='bbox 1849 4034 1970 4095; x_wconf 88' lang='lat' dir='ltr'><strong>und</strong></span> <span class='ocrx_word' id='word_1_301' title='bbox 2010 4039 2251 4114; x_wconf 71' lang='lat' dir='ltr'><strong>spatern</strong></span> <span class='ocrx_word' id='word_1_302' title='bbox 2296 4033 2510 4096; x_wconf 88' lang='lat' dir='ltr'><strong>rheto-</strong></span> 
     </span>
     <span class='ocr_line' id='line_1_37' title="bbox 324 4140 2506 4216; baseline 0 -11"><span class='ocrx_word' id='word_1_303' title='bbox 324 4140 566 4205; x_wconf 86' lang='lat' dir='ltr'><strong>riscben</strong></span> <span class='ocrx_word' id='word_1_304' title='bbox 613 4140 951 4204; x_wconf 89' lang='lat' dir='ltr'><strong>Unterricht</strong></span> <span class='ocrx_word' id='word_1_305' title='bbox 991 4145 1051 4204; x_wconf 89' lang='lat' dir='ltr'><strong>in</strong></span> <span class='ocrx_word' id='word_1_306' title='bbox 1094 4141 1444 4216; x_wconf 80' lang='lat' dir='ltr'><strong>Rficksicht,</strong></span> <span class='ocrx_word' id='word_1_307' title='bbox 1485 4159 1556 4202; x_wconf 92' lang='lat' dir='ltr'><strong>so</strong></span> <span class='ocrx_word' id='word_1_308' title='bbox 1602 4142 1845 4203; x_wconf 73' lang='lat' dir='ltr'><strong>konnen</strong></span> <span class='ocrx_word' id='word_1_309' title='bbox 1878 4144 1987 4205; x_wconf 89' lang='lat' dir='ltr'><strong>wir</strong></span> <span class='ocrx_word' id='word_1_310' title='bbox 2011 4144 2111 4205; x_wconf 92' lang='lat' dir='ltr'><strong>ihn</strong></span> <span class='ocrx_word' id='word_1_311' title='bbox 2144 4141 2506 4205; x_wconf 88' lang='lat' dir='ltr'><strong>schwerlich</strong></span> 
     </span>
     <span class='ocr_line' id='line_1_38' title="bbox 327 4243 2507 4331; baseline 0 -21"><span class='ocrx_word' id='word_1_312' title='bbox 327 4249 424 4312; x_wconf 73' lang='lat' dir='ltr'><strong>fur</strong></span> <span class='ocrx_word' id='word_1_313' title='bbox 466 4252 644 4312; x_wconf 79' lang='lat' dir='ltr'><strong>einen</strong></span> <span class='ocrx_word' id='word_1_314' title='bbox 690 4248 935 4311; x_wconf 89' lang='lat' dir='ltr'><strong>wahren</strong></span> <span class='ocrx_word' id='word_1_315' title='bbox 979 4243 1374 4331; x_wconf 88' lang='lat' dir='ltr'><strong>Philosophen</strong></span> <span class='ocrx_word' id='word_1_316' title='bbox 1417 4251 1622 4331; x_wconf 86' lang='lat' dir='ltr'><strong>gelten</strong></span> <span class='ocrx_word' id='word_1_317' title='bbox 1663 4250 1902 4328; x_wconf 87' lang='lat' dir='ltr'><strong>laasen‚</strong></span> <span class='ocrx_word' id='word_1_318' title='bbox 1943 4251 2016 4312; x_wconf 88' lang='lat' dir='ltr'><strong>da</strong></span> <span class='ocrx_word' id='word_1_319' title='bbox 2062 4271 2129 4313; x_wconf 90' lang='lat' dir='ltr'><strong>er</strong></span> <span class='ocrx_word' id='word_1_320' title='bbox 2173 4270 2239 4313; x_wconf 90' lang='lat' dir='ltr'><strong>es</strong></span> <span class='ocrx_word' id='word_1_321' title='bbox 2287 4267 2360 4311; x_wconf 87' lang='lat' dir='ltr'><strong>an</strong></span> <span class='ocrx_word' id='word_1_322' title='bbox 2396 4251 2507 4329; x_wconf 89' lang='lat' dir='ltr'><strong>je·-</strong></span> 
     </span>
     <span class='ocr_line' id='line_1_39' title="bbox 327 4356 2507 4443; baseline 0.002 -26"><span class='ocrx_word' id='word_1_323' title='bbox 327 4356 437 4421; x_wconf 89' lang='lat' dir='ltr'><strong>der</strong></span> <span class='ocrx_word' id='word_1_324' title='bbox 483 4356 1025 4442; x_wconf 71' lang='lat' dir='ltr'><strong>eigsnthi‘unlichen</strong></span> <span class='ocrx_word' id='word_1_325' title='bbox 1063 4359 1413 4442; x_wconf 89' lang='lat' dir='ltr'><strong>Darlegung</strong></span> <span class='ocrx_word' id='word_1_326' title='bbox 1474 4358 1599 4422; x_wconf 90' lang='lat' dir='ltr'><strong>und</strong></span> <span class='ocrx_word' id='word_1_327' title='bbox 1645 4358 2117 4443; x_wconf 84' lang='lat' dir='ltr'><strong>Vertheidigung</strong></span> <span class='ocrx_word' id='word_1_328' title='bbox 2155 4357 2507 4440; x_wconf 87' lang='lat' dir='ltr'><strong>ermangeln</strong></span> 
     </span>
    </p>
   </div>
  </div>
 </body>
</html>
