2975 4959
1179 286 1714 398 “7¹5¹“-

365 484 613 538 mortem
654 476 770 538 ulla
809 492 885 535 ex
933 481 1096 555 parte
1148 475 1521 535 deminutam.
1612 475 1789 537 Cuius
1835 475 1989 536 enim
2035 490 2132 537 ars
2181 456 2358 538 meris
2403 492 2521 537 nu-

367 589 495 667 giS‚
542 585 866 646 dialecticis
907 584 1284 664 praestigiiS,
1328 585 1602 665 inanibus
1651 584 2029 663 sophismatis
2069 587 2434 662 continetur,
2475 586 2523 646 is

369 698 558 774 primo
602 694 837 772 quidem
881 700 1145 771 tempore
1173 740 1190 769 ,
1236 709 1352 772 quo
1396 709 1684 753 exercere
1728 692 1882 754 illam
1924 693 2160 772 incipit,
2224 693 2526 755 auditores

346 801 580 862 ·fallere
620 808 857 880 potest,
913 818 1026 860 nec
1068 815 1215 861 vero
1272 817 1379 879 per
1435 800 1828 880 quadraginta
1889 795 2116 862 annos:
2181 818 2316 862 nam
2361 807 2526 862 tanto

371 910 657 988 temporis
701 909 890 988 spatio
938 909 1051 969 iam
1110 908 1333 969 fructus
1386 910 1527 969 artis
1574 907 1821 970 alicuius
1873 915 2063 970 utrum
2106 908 2246 969 boni
2290 910 2406 969 sint
2452 926 2527 969 an
2610 931 2614 935 ·

282 1066 288 1076 .
374 1016 512 1077 mali
547 1022 849 1095 apparent.
932 1016 1291 1095 Protagoras
1333 1022 1526 1076 autem
1574 1034 1705 1076 cum
1751 1016 1994 1094 primum
2028 1015 2275 1077 Athenis
2321 1033 2534 1076 versa-

379 1131 560 1200 retur,
598 1124 766 1185 brevi
805 1130 1069 1202 tempore
1112 1123 1207 1183 vel
1250 1122 1402 1201 apud
1444 1122 1729 1184 Periclem
1772 1129 1991 1183 tantum
2035 1123 2290 1200 valebat,
2333 1129 2395 1183 ut
2436 1123 2536 1201 qui

379 1233 766 1293 Thurinorum
827 1231 1098 1292 coloniae
1157 1230 1326 1310 leges
1372 1231 1663 1292 scriberet
1722 1231 1934 1311 dignus
1990 1231 2323 1292 haberetur.
2408 1230 2559 1291 Ex-'

379 1341 601 1402 cellens
636 1338 823 1428 ‘igitur
862 1340 970 1400 viri
1014 1336 1314 1419 ingenium
1358 1347 1531 1418 atque
1593 1357 1787 1400 rerum
1845 1324 2207 1422 publicarum
2266 1340 2534 1418 peritiam

377 1449 636 1511 Pericles
677 1456 1097 1529 perspexerat,
1163 1449 1328 1508 cuius
1373 1449 1669 1509 artissima
1711 1466 1945 1528 semper
1989 1447 2143 1510 illum
2182 1465 2351 1509 usum
2397 1465 2536 1508 esse

383 1557 810 1631 consuetudine
855 1575 931 1616 ex
981 1557 1123 1617 Plut.
1173 1556 1413 1618 Consol.
1459 1557 1535 1617 ad
1577 1555 1769 1636 Apoll.
1818 1573 1947 1635 cap.
1994 1555 2257 1617 XXX111.
2306 1563 2365 1617 et
2408 1556 2538 1618 Per.
2641 1590 2652 1600 ·

386 1685 511 1746 cap.
536 1666 798 1729 XXXVI.
823 1665 971 1740 (vid.
996 1683 1130 1746 pag.
1152 1664 1333 1726 66.·et
1356 1664 1489 1740 67.)
1514 1682 1690 1745 supra
1713 1646 2175 1727 demonstratum
2200 1672 2309 1726 est.
2339 1662 2400 1725 ln
2428 1665 2546 1727 lta-

383 1775 463 1836 lia
491 1791 725 1854 quoque
751 1780 809 1833 et
830 1773 1031 1834 Sicilia
1058 1774 1307 1833 eximias
1333 1771 1639 1833 doctrinae
1664 1772 1869 1833 laudes
1900 1772 2144 1851 adeptus
2184 1772 2381 1852 (Hipp.
2404 1773 2543 1834 Mai.

383 1901 520 1963 pag.
573 1860 709 1943 '282
742 1882 839 1941 D:
888 1875 1295 1962 Ἀφικόμενος
1343 1882 1411 1941 δέ
1454 1902 1600 1941 ποτε
1643 1860 1732 1952 ὲῖς
1777 1883 2063 1942 Σικελίαν
2106 1875 2555 1960 Πρωταγόρου

386 1970 610 2051 &roffi
631 1988 1078 2068 ἐπιδημοῦντος
1106 1985 1212 2047 καί
1239 1986 1708 2066 εὐδοκιμοῦντος
1730 1993 1788 2047 et
1808 2006 1863 2067 q.
1891 1996 2092 2067 seqq.)
2134 1986 2398 2048 Athenas
2438 2005 2545 2047 re-
2623 1964 2631 1970 Ι

388 2098 558 2176 petiit
598 2113 873 2175 magnum
904 2093 1321 2172 discipulorum
1366 2110 1672 2154 numerum
1713 2110 1916 2155 secum
1963 2095 2212 2172 ducenS,
2258 2111 2291 2154 a
2339 2094 2550 2173 quibus

388 2222 614 2268 summa
658 2203 1062 2265 cumulabatur
1106 2204 1433 2282 sapientiae
1476 2201 1694 2282 gloria.
1746 2202 1884 2265 Plat.
1926 2203 2084 2264 Prot.
2127 2220 2261 2284 pag.
2293 2202 2432 2263 309.
2459 2204 2546 2263 D:

384 2300 738 2397 Σοφωτάτῳ
777 2315 893 2390 μὲν
936 2300 1046 2371 οὖν
1089 2306 1391 2394 (ἐντυχών
1427 2309 1719 2394 πάρειμι)
1758 2310 1957 2391 δήπου
2004 2312 2127 2372 τῶν
2170 2305 2238 2390 γὲ
2279 2312 2407 2371 νῦν·
2492 2306 2560 2373 εἴ

387 2442 490 2482 σοι
532 2420 709 2479 δοκεῖ
740 2417 1104 2500 σοφώτατος
1145 2409 1304 2478 εἶναι
1347 2414 1808 2498 Πρωταγόρας.
1894 2417 2030 2500 Pag.
2074 2418 2215 2479 310.
2265 2416 2347 2478 E:
2399 2418 2551 2479 Ἀλ-

385 2525 464 2590 λά
511 2522 668 2607 γάρ,
724 2516 775 2587 αἶ
816 2518 1180 2606 Σώκρατες,
1225 2523 1445 2596 πάντες
1482 2521 1592 2586 τὸν
1638 2515 1838 2603 ἄνδρα
1882 2521 2204 2588 ἐπαινοῦσι
2245 2529 2355 2587 καί
2392 2544 2553 2606 φασι

384 2629 747 2716 σοφώτατον
778 2625 937 2694 εἶναι
960 2636 1177 2711 λέγειν.
1224 2632 1362 2712 Pag.
1395 2631 1537 2692 315.
1562 2633 1613 2693 A
1633 2632 1677 2692 B
1703 2639 1763 2692 et
1788 2635 2005 2711 passim
2027 2650 2135 2712 per
2169 2632 2327 2695 hunc
2354 2632 2553 2693 dialo-

388 2759 547 2823 gum.
631 2740 785 2801 Men.
829 2757 966 2820 pag.
1012 2739 1110 2801 91.
1152 2741 1242 2801 D:
1291 2733 1450 2802 Οἶδα
1494 2737 1613 2820 γὰρ
1657 2732 1857 2821 ἄνδρα
1900 2740 2047 2818 ἕνα,
2089 2732 2549 2822 Πρωταγόραν,

390 2847 586 2909 πλείω
607 2844 905 2927 χρήματα
928 2844 1307 2928 κτησάμενον
1352 2838 1474 2907 aiud
1524 2842 1759 2928 ταύτης
1802 2847 1909 2927 τῆς
1950 2845 2181 2930 σοφίας
2222 2838 2265 2926 ἢ
2288 2848 2552 2908 Φειδίαν

392 2976 481 3032 τε,
524 2949 801 3028 ὃςοῧτω
842 2954 1206 3036 περιφανῶς
1254 2949 1408 3015 καλοὶ
1432 2950 1585 3034 ἔργα
1615 2950 1953 3044 εἰργάζετο,
1998 2955 2108 3015 καί
2148 2946 2372 3025 ἄλλους
2400 2953 2551 3015 δέκα

385 3063 508 3124 τῶν
535 3063 1081 3143 α’νὸριαντοποιῶν.
1110 3097 1194 3111 -
1223 3055 1396 3141 οἶμαι
1423 3058 1547 3142 γὰρ
1593 3056 1790 3122 αὐτὸν
1833 3059 2175 3124 α’ποθανεῖν
2216 3057 2399 3141 ἐγγύς
2441 3064 2551 3122 καί

354 3252 367 3260 κ
391 3164 807 3250 ἑβδομήκοντα
828 3166 933 3251 ἔτη
956 3169 1265 3251 γεγονότα,
1281 3168 1727 3250 τετταράκοντα
1752 3169 1821 3231 δὲ
1845 3169 2003 3255 ἐντῇ
2022 3169 2205 3253 τέχνῃ
2234 3160 2403 3230 ὄντα*
2444 3151 2553 3228 τεαὶ

387 3280 453 3340 ἐν
483 3271 708 3337 ἅπαντι
734 3279 815 3361 τῷ
838 3275 1043 3362 χρόνῳ
1064 3275 1259 3362 τούτῳ
1285 3274 1377 3338 ἔτι
1408 3277 1499 3348 εἷς
1519 3274 1635 3358 ’τήν
1659 3274 1898 3357 ἡμέραν
1915 3276 2174 3356 ταυτηνὶ
2198 3274 2546 3353 εὕδοκιμῶν

387 3383 572 3447 ου’δὲν
622 3384 953 3444 πέπαυται.
1039 3383 1183 3455 Quis
1226 3400 1371 3444 vero
1421 3384 1551 3444 eius
1595 3383 1923 3445 doctrinam
1974 3401 2220 3460 vanam,
2282 3384 2540 3460 inanem,

389 3492 656 3553 inutilem
702 3491 887 3552 fuisse
933 3497 1114 3570 putet,
1162 3493 1326 3552 cuius
1369 3490 1615 3553 scholae
1654 3510 1761 3572 per
1802 3490 2191 3573 quadraginta
2233 3508 2422 3552 annos
2466 3491 2541 3550 ab

391 3600 755 3662 auditoribus
817 3599 1221 3661 attentissimis
1279 3607 1340 3660 et
1407 3599 1870 3680 diligentissimis
1930 3600 2267 3661 celebratae
2333 3607 2541 3662 erant:

390 3708 620 3770 scilicet
663 3709 730 3770 id<
771 3711 1123 3789 contingere
1167 3708 1323 3769 solet
1346 3703 1433 3769 'iis
1474 3709 1794 3789 magistriS,
1837 3727 2080 3788 quorum
2106 3709 2540 3788 disciplinarum

388 3816 582 3879 nullus
625 3825 717 3878 est
760 3835 920 3879 usus.
1012 3818 1156 3892 Quis
1201 3794 1518 3893 Periclem,
1574 3808 1857 3881 summum
1897 3817 2107 3920 harum
2148 3835 2342 3880 rerum
2383 3819 2543 3880 iudi·-

396 3942 565 4002 cem,
614 3943 746 3986 cum
802 3927 1040 3987 homine
1082 3927 1245 3987 inani
1289 3924 1443 3986 fastu
1491 3942 1564 3986 ac
1611 3924 1886 4004 superbia
1934 3925 2134 3986 efflato
2177 3925 2544 3987 familiariter

394 4034 617 4093 vixisse
665 4032 1020 4112 multumque
1062 4032 1343 4111 temporis
1375 4033 1433 4091 in
1469 4033 1642 4111 nugis
1692 4032 2105 4094 abiectissimis
2148 4032 2543 4095 diiudicandis

393 4141 798 4201 consumsisse
863 4140 1108 4217 credat,
1175 4158 1306 4201 cum
1368 4139 1626 4218 negotiis
1688 4137 1933 4217 publicis
1995 4148 2318 4221 occupatus
2382 4146 2543 4202 esset

383 4248 804 4328 gravissimis?
910 4249 1092 4309 Immo
1165 4265 1285 4310 non
1358 4246 1737 4308 dubitandum
1810 4253 1944 4322 est,
2008 4250 2143 4327 quin
2217 4248 2391 4309 fuerit
2463 4265 2531 4308 re

391 4373 533 4420 vera
576 4359 671 4420 vir
712 4354 911 4430 δεινὸς
952 4359 1148 4438 λέγειν
1173 4404 1189 4433 ,
1257 4356 1503 4437 ingenio
1568 4359 1628 4415 et
1693 4352 1965 4417 doctrina
2004 4356 2299 4442 insigniS‚
2365 4361 2541 4436 atque

2073 4476 2150 4541 11
