2975 4959
1170 294 1774 357 -121—-

353 478 513 558 quod
557 479 849 543 sententia
892 478 1312 550 haud-itnest
1362 481 1602 559 inepta;
1669 485 1735 541 ut
1795 475 2155 555 consilium,
2212 493 2331 558 quo
2375 476 2537 541 Plato

356 587 476 650 hoc
516 593 887 650 commentus
925 589 1024 662 sit,
1068 589 1312 650 omnino
1355 586 1754 668 perspiciatur
1794 584 2033 647 nultum.

536 696 708 759 Unde
751 714 883 759 cum
916 713 996 758 ex
1034 696 1339 778 sophistae
1381 713 1619 776 quoque
1662 693 2038 775 philosophia
2084 693 2261 756 alium
2307 693 2382 756 ab
2421 692 2543 755 alio

358 802 614 867 edoceri
662 820 843 885 posse
885 810 1195 885 appareat,
1234 800 1394 864 hanc
1438 805 1627 884 ipsam
1676 811 1851 882 quam
1883 802 2229 882 profiteatur
2271 799 2373 864 ille
2416 784 2580 862 vir?

359 917 548 973 tutem
573 901 871 991 politicam
916 929 949 973 a
998 912 1288 992 magistro
1331 910 1485 972 tradi
1533 909 1846 990 discipulis
1877 926 2059 991 posse
2102 910 2383 973 Socrates
2426 924 2543 970 ne-

354 1025 478 1098 gat.
539 1019 943 1082 Athenienses
987 1021 1170 1097 enim,
1210 1019 1396 1097 inquit
1415 1018 1743 1100 Prot..pag.
1775 1018 1918 1081 319.
1952 1017 2019 1094 B,
2063 1018 2176 1080 viri
2220 1016 2545 1097 sapiente-S,

358 1128 422 1188 in
467 1126 864 1193 concionibus
905 1128 956 1190 si
1003 1129 1200 1208 agitur
1242 1127 1319 1188 de
1382 1126 1661 1189 domibus
1713 1126 1807 1189 vel
1853 1126 2104 1189 navibus
2149 1125 2542 1188 aedificandis

359 1234 458 1295 vel
485 1235 615 1297 aliis
641 1236 906 1298 eiusdem
948 1236 1193 1328 generis
1233 1237 1434 1314 rebuS‚
1481 1252 1710 1318 paucos
1754 1241 1975 1306 tantum
2008 1235 2173 1297 viros
2193 1232 2334 1296 illos
2366 1233 2541 1297 huius

356 1343 542 1424 ipsius
588 1345 734 1406 artis
792 1345 1018 1424 peritos
1077 1343 1397 1405 consulere
1460 1345 1658 1406 solent
1715 1350 1776 1405 et
1824 1342 1986 1422 loqui
2048 1343 2386 1423 patiuntur;
2422 1343 2540 1403 -sin

366 1457 562 1513 autem
610 1449 686 1512 de
730 1470 798 1514 re
839 1452 1071 1532 publica
1119 1451 1587 1513 administranda
1628 1451 1696 1513 fit
1738 1452 1975 1528 concio,
2013 1449 2129 1512 iam
2172 1466 2325 1512 unus
2372 1451 2545 1530 quis-

364 1576 482 1637 que
528 1558 765 1634 civium,
814 1559 985 1635 fabri,
1029 1567 1264 1621 sutores
1293 1606 1310 1636 ‚
1351 1559 1592 1636 lorarii,
1640 1566 2031 1638 mereatoreS,
2078 1574 2396 1639 pauperes,
2442 1557 2544 1618 di·-

364 1667 520 1727 vites
561 1669 893 1729 sententias
939 1669 1154 1745 serunt,
1203 1687 1398 1748 neque
1441 1669 1747 1750 quisquam
1796 1667 1936 1729 ideo
1966 1666 2333 1746 prohibetur,
2378 1664 2540 1746 quod

366 1793 402 1837 a
448 1776 686 1837 nemine
727 1794 923 1839 rerum
965 1777 1330 1857 publicarum
1374 1777 1685 1839 scientiam
1732 1777 2051 1854 didicerit,
2110 1775 2291 1856 idque
2349 1775 2543 1837 mani-

362 1884 521 1945 festo
586 1902 715 1946 eam
777 1887 963 1966 ipsam
1026 1887 1103 1948 ob
1168 1904 1457 1963 causam,
1522 1889 1657 1965 quia
1722 1892 1906 1947 artem
1970 1884 2268 1965 politicam
2330 1884 2540 1945 doceri

365 1993 608 2055 omnino
654 2011 775 2055 non
823 2011 1005 2074 posse
1043 2000 1263 2073 putant.
1349 1993 1584 2057 Deinde
1648 1995 1824 2056 etiam
1890 1994 2253 2073 privatorum
2300 1991 2540 2065 civium,

363 2101 634 2180 quamvis
673 2101 829 2165 hanc
873 2109 1060 2165 artem
1104 2120 1274 2183 quam
1321 2103 1576 2164 maxime
1617 2109 1852 2180 teneat,
1899 2120 2075 2164 nemo
2119 2120 2314 2184 neque
2358 2101 2536 2164 filium

366 2226 564 2288 neque
608 2209 782 2272 alium
828 2228 1157 2290 quenquam
1184 2209 1338 2273 illius
1383 2210 1728 2295 participem
1762 2210 1968 2273 facere
1990 2216 2208 2291 potest,
2255 2216 2317 2271 ut
2354 2227 2540 2290 saepe

363 2318 774 2405 patrisyrerum
802 2317 1164 2397 publicarum
1203 2319 1542 2397 peritissimi
1584 2318 1736 2380 filius
1763 2318 1978 2381 evadat
2007 2318 2184 2402 xrudis
2226 2318 2541 2398 atquejn-

364 2425 599 2503 doctus,
640 2433 701 2488 ut
741 2426 981 2488 Periclis
1026 2427 1264 2491 Paratus
1311 2434 1489 2508 atque
1517 2410 1905 2508 Xanthippus,
1941 2466 2020 2477 —
2050 2428 2237 2500 Quam
2285 2426 2542 2492 demon,-

364 2534 709 2597 strationem
774 2535 856 2597 ita
899 2534 1176 2598 refellere
1213 2535 1582 2617 Protagoras
1638 2544 1904 2599 conatur.
1993 2536 2217 2598 Omnes
2265 2535 2543 2598 homines

342 2640 622 2703 'iustitiae
670 2660 742 2704 ac
784 2644 1029 2723 pudoris
1077 2661 1217 2706 esse
1278 2646 1598 2725 participes
1653 2645 1752 2707 dei
1793 2644 2154 2723 voluerunt,
2215 2644 2428 2724 quibus
2474 2645 2538 2705 in

364 2750 679 2813 virtutibus
720 2752 918 2832 posita
962 2759 1127 2814 esset
1178 2769 1277 2813 ars
1321 2753 1583 2833 politica.
1671 2752 1845 2827 Quod
1890 2742 2219 2816 sentientes
2258 2754 2359 2813 uni
2405 2753 2543 2814 cui-

365 2875 480 2938 que
520 2859 734 2922 civium
777 2859 1180 2922 Athenienses
1223 2859 1299 2922 de
1344 2878 1413 2923 re
1456 2861 1692 2941 publica
1737 2861 2135 2924 concionandi
2181 2864 2537 2940 potestatem

370 2960 728 3031 conce'dunt.
789 2968 984 3031 Nihilo
1014 2971 1209 3031 minus
1251 2987 1371 3031 non
1417 2987 1549 3032 cum
1593 2970 1723 3050 ipso
1772 2969 2016 3033 homine
2061 2971 2328 3031 nascitur
2356 2970 2541 3044 virtus

367 3075 626 3155 politica,
669 3077 777 3139 sed
820 3078 1115 3140 discendo
1159 3085 1416 3158 paratur.
1503 3077 1731 3152 Quibus
1772 3081 1932 3140 enim
1978 3077 2137 3140 vitiis
2183 3078 2366 3140 homo
2419 3076 2542 3139 ali-

366 3185 498 3262 quis
528 3190 625 3245 aut
665 3183 742 3245 de
787 3193 997 3248 natura
1045 3193 1144 3248 aut
1184 3204 1329 3248 casu
1372 3187 1573 3266 aliquo
1620 3183 1871 3248 allectus
1903 3192 2014 3264 est,
2059 3202 2134 3248 ea
2179 3185 2260 3247 illi
2307 3202 2543 3266 nequa-

367 3309 541 3371 quam
587 3292 820 3354 crimini
868 3300 1204 3356 vei-tuntum
1270 3312 1425 3376 quae
1483 3295 1617 3375 quis
1677 3311 1825 3357 vero
1873 3301 1973 3358 aut
2031 3295 2233 3374 pravis
2277 3294 2543 3356 moribus

365 3400 644 3462 inductus
673 3406 776 3462 aut
804 3401 1138 3482 disciplina,
1188 3400 1410 3481 studio,
1457 3403 1892 3465 exercitatione
1937 3419 2154 3464 carens
2194 3407 2428 3482 peccat,
2460 3401 2540 3464 ob

372 3525 446 3567 ea
493 3507 731 3588 quidem
777 3509 1043 3570 meritam
1092 3509 1252 3571 cadit
1292 3511 1352 3571 in
1397 3511 1948 3592 reprehensionem.
2033 3510 2210 3588 Atqui
2256 3510 2541 3571 iniustitia

371 3620 547 3696 atque
613 3617 914 3697 impietate
974 3616 1072 3697 qui
1124 3615 1312 3698 abripi
1355 3636 1425 3681 se
1485 3620 1703 3699 patitur
1743 3619 2083 3698 ceterisque
2131 3617 2322 3696 vitiis,
2389 3633 2543 3696 quae

363 3724 565 3787 virtuti
610 3725 889 3806 politicae
931 3732 1069 3788 sunt
1108 3729 1435 3801 contraria,
1487 3728 1563 3789 ab
1610 3727 1885 3789 omnibus
1913 3726 2293 3806 vituperatur.
2375 3726 2542 3807 Ergo

367 3832 558 3893 virtus
622 3833 862 3912 politica
905 3852 983 3896 ex
1030 3836 1122 3896 eis
1163 3842 1297 3913 est,
1353 3853 1508 3916 quae
1564 3835 1772 3898 doceri
1828 3841 2085 3916 queunt,
2145 3838 2328 3914 atque
2389 3851 2543 3898 unus

365 3940 619 4019 quisque
658 3939 838 4004 homo
879 3943 1246 4004 institutione
1311 3950 1373 4005 et
1427 3942 1737 4023 disciplina
1798 3943 1953 4005 illam
2008 3944 2250 4023 assequi
2303 3949 2541 4024 potest;

364 4052 575 4108 natura
622 4050 777 4110 enim
825 4067 1034 4113 omnes
1080 4050 1198 4113 hac
1244 4050 1448 4113 indole
1514 4051 1768 4132 praediti
1813 4041 2063 4114 sumus(
2122 4052 2296 4127 Quod
2342 4059 2539 4116 autem

364 4155 975 4235 praeclarissimorum
1018 4160 1282 4222 virorum
1328 4158 1484 4222 tilios
1529 4177 1821 4240 persaepe
1884 4178 2006 4223 non
2071 4162 2237 4242 ipsos
2300 4179 2541 4242 quoque

367 4262 582 4325 virtuto
644 4263 887 4344 politica
954 4267 1470 4347 praeclarissimos
1543 4283 1684 4328 esse
1752 4271 1843 4330 ais
1867 4314 1884 4346 ,
1951 4271 2082 4333 eius
2149 4268 2386 4350 quidem
2451 4272 2543 4334 rei

358 4389 545 4435 causa
591 4375 661 4457 in¹
696 4390 772 4435 eo
815 4375 1009 4454 posita
1055 4382 1189 4455 est,
1253 4376 1414 4457 quod
1456 4373 1705 4441 aliorum
1752 4377 1997 4460 ingenia
2037 4378 2114 4440 ad
2170 4375 2316 4439 alias
2376 4384 2558 4440 artes
