2975 4959
1130 332 1297 349 ‘-—
1407 300 1750 371 145-

385 483 567 566 λόγος
616 483 856 548 dicendi
899 500 1095 569 genus
1137 488 1374 569 aliquod
1424 488 1594 551 falsis
1624 488 1895 571 fictisque
1933 492 2301 570 argumentis
2341 492 2567 574 nim,

388 596 548 656 idem
590 598 688 676 qui
732 587 947 668 ἄδικος
999 592 1400 677 adyta-(Num
1447 616 1511 657 v.
1561 598 1713 675 117,
1757 598 1968 674 874),
2023 616 2141 678 quo
2181 600 2569 664 adversarius

387 705 772 766 vinceretur:

1029 809 1061 874 ὃ
1108 811 1354 893 ψευδής
1393 814 1538 894 μηδ’
1587 807 1917 894 ἀληθεύων
1959 812 2159 895 λόγος,

651 920 719 982 ἐν
765 910 815 1006 ᾧ
847 912 1192 999 marcillac
1235 915 1587 1002 ἥττηται
2599 988 2610 995 ‚

394 1028 625 1103 (Tzetz.
669 1029 768 1091 lib.
814 1029 851 1092 1.
901 1048 958 1091 v,
1003 1027 1210 1106 697.).·
1285 1029 1433 1092 Nam
1476 1035 1538 1090 et
1578 1023 1609 1088 ὅ
1654 1022 1853 1108 ἥττων
1883 1026 2064 1109 λόγος
2102 1038 2166 1092 et
2210 1028 2246 1094 ὁ
2288 1034 2579 1112 κρείττων

394 1138 511 1199 iam
537 1131 693 1201 'ante
736 1136 1122 1217 Protagoram
1166 1153 1406 1216 semper
1447 1135 1701 1198 suerunt.
1792 1135 2141 1217 Ubicunque
2186 1139 2344 1201 enim
2386 1139 2580 1221 aliqum

394 1251 490 1306 est
536 1236 879 1323 dissensio,
941 1247 1105 1324 eius,
1164 1246 1266 1325 qui
1308 1261 1436 1307 rem
1481 1261 1667 1326 agere
1707 1244 1942 1306 videtur
1977 1248 2191 1307 iustam
2235 1264 2310 1309 ac
2352 1266 2580 1327 veram,

394 1352 574 1433 λόγος
635 1360 730 1414 est
773 1355 1108 1432 κρείττων,
1168 1354 1305 1434 quia
1369 1370 1554 1415 causa
1613 1355 1741 1414 eius
1788 1353 2066 1432 superior
2104 1355 2252 1416 erit:
2318 1355 2582 1432 alterius,

400 1478 573 1540 quem
634 1460 717 1522 illi
765 1460 1160 1523 succumbere
1224 1468 1694 1523 consentaneum
1741 1466 1876 1536 est,
1945 1459 2122 1541 λό’γος
2182 1457 2420 1542 ἥττων,
2483 1464 2586 1544 qui

391 1570 636 1650 'quidem
668 1587 786 1632 non
820 1577 912 1631 est
936 1571 1106 1649 peior
1132 1569 1257 1647 illo,
1306 1570 1414 1633 sed
1448 1570 1768 1633 infirmior:
1806 1575 2059 1631 utrecte
2081 1572 2329 1633 Tzetzes
2354 1571 2583 1638 V.696:

636 1670 885 1740 ‘'Hnmv
927 1672 1103 1756 λόγος
1144 1680 1527 1759 καθέστηκεν
1566 1675 1605 1737 ’ὅ
1646 1679 1770 1739 ταῖν
1807 1677 2292 1759 ἀσθενεστέρων.

396 1787 513 1867 Est
555 1785 711 1846 enim
756 1802 866 1865 pro
910 1804 1109 1848 rerum
1176 1792 1332 1847 statu
1394 1792 1515 1847 tum
1564 1787 1763 1847 bonae
1830 1802 2051 1848 causae
2117 1783 2299 1867 Mysi,-
2357 1778 2585 1866 ἥττων,

394 1901 515 1957 tum
583 1893 796 1957 malae.
915 1894 1333 1973 Aristophanis
1398 1893 1722 1957 scholiasta
1749 1940 1767 1970 ,
1832 1892 2165 1974 Stephanus
2225 1896 2375 1969 (nisi
2430 1894 2588 1957 forte

394 2003 680 2084 Stephani
708 1999 821 2063 καί
836 2008 927 2063 est
948 2002 1099 2077 vel),
1133 2003 1341 2081 ceteri,
1376 2002 1436 2063 in
1465 2018 1733 2063 errorem
1765 2001 1990 2063 inducti
2012 2009 2147 2064 sunt
2167 2002 2589 2081 Aristophanis

406 2112 658 2188 aculeo,
722 2111 823 2191 qui
883 2110 1043 2172 hanc
1084 2110 1452 2191 Protagorae
1501 2108 1938 2190 professionem
2002 2117 2067 2171 ut
2119 2111 2181 2171 in
2245 2111 2590 2174 irrisionem
2661 2152 2664 2159 -

407 2226 658 2283 vocaret
699 2219 779 2281 ita
810 2218 1239 2280 *calumniatus
1264 2224 1393 2280 est.·
1460 2218 1538 2280 Ut
1597 2220 1996 2298 posteriorum
2058 2216 2318 2280 fortasse
2378 2217 2592 2299 sophi-

405 2335 627 2391 starum
689 2328 820 2389 eius
868 2327 1031 2388 modi
1089 2325 1231 2407 quid
1276 2324 1515 2387 hic.vel
1562 2325 1661 2387 ille
1709 2324 1984 2388 docuerit
2031 2325 2398 2409 Protagorae
2435 2327 2592 2389 arti—-

405 2436 607 2499 ficium
647 2435 844 2516 aliqua
890 2452 968 2496 ex
1005 2441 1174 2514 parte
1228 2436 1581 2497 immutans:
1638 2435 1830 2513 ipsum
1876 2451 2000 2495 non
2039 2434 2437 2516 πεποιηκέναι
2478 2431 2590 2498 τὸν

406 2538 573 2626 ἥττω
611 2543 721 2604 καί
758 2543 866 2604 τὸν
908 2542 1164 2619 κρείττω
1209 2539 1425 2622 λόγον,
1469 2541 1588 2605 hoo
1635 2548 1757 2618 esi,
1814 2558 1934 2603 non
1981 2541 2303 2603 tradidisse
2345 2539 2590 2605 dicendi

400 2669 632 2732 genera
680 2651 798 2711 duo
839 2667 876 2711 a
919 2668 987 2711 se
1012 2651 1280 2725 inventa,
1325 2649 1570 2711 alterum
1616 2648 1848 2725 meliuS,
1889 2652 2059 2729 peius
2103 2649 2374 2726 alterum,
2414 2657 2476 2711 et
2511 2662 2592 2713 ex

401 2758 740 2823 Aristotelis
781 2757 918 2820 loco
960 2775 1139 2836 supra
1184 2756 1486 2834 exhibit0‚
1531 2764 1591 2818 ct
1636 2754 1897 2819 Platonis
1943 2757 2147 2821 verbis
2190 2754 2364 2837 Apol.
2412 2758 2585 2823 Soet.

399 2886 537 2948 pag.
567 2868 662 2930 18.
713 2866 763 2928 B.
802 2873 862 2927 et
910 2865 1003 2926 19.
1051 2866 1136 2927 B:
1192 2862 1314 2927 Τὸν
1358 2857 1522 2946 ἥττω
1563 2861 1748 2944 λόγον
1784 2886 2044 2946 κρειττω
2087 2869 2283 2927 ποιῶν
2326 2865 2589 2928 manife-

403 2983 499 3038 sto
543 2981 805 3055 apparet.
873 2973 1064 3037 Etiam
1092 2972 1319 3037 Gellius
1358 2973 1695 3034 rectissime
1741 2969 1854 3032 ior
1898 2965 2056 3053 ἥττω
2104 2972 2287 3055 λόγον
2328 2976 2589 3054 κρείττω

408 3092 609 3145 ποιεῖν
634 3084 1021 3164 Protagoram
1066 3084 1150 3144 ait
1175 3080 1536 3162 professum,
1582 3079 1741 3160 quod
1786 3081 1865 3141 sit
1912 3097 2166 3142 causam
2202 3080 2591 3160 infimum-em

397 3192 607 3272 [acere
641 3190 954 3270 fortiorem
978 3192 1063 3268 *).
1152 3190 1326 3253 Conf.
1375 3189 1500 3252 Cic.
1538 3188 1697 3251 Brut.
1742 3204 1872 3269 cap.
1917 3188 2065 3250 VIII.
2109 3197 2171 3265 §.
2218 3190 2319 3251 30.

580 3300 773 3360 Pauca
817 3298 935 3360 hoc
973 3294 1136 3360 Ioco*
1161 3297 1416 3361 dicenda
1465 3303 1601 3358 sunt
1640 3297 1716 3358 de
1760 3297 1863 3358 lite
1906 3297 2003 3360 illa
2034 3316 2066 3358 a
2095 3297 2289 3360 multis
2319 3301 2589 3362 veterum
2669 3294 2684 3313 “

406 3407 762 3486 scriptorum
803 3412 1077 3469 enarrata
1098 3449 1116 3480 ‚
1157 3420 1330 3486 quam
1371 3404 1568 3486 egerit
1606 3405 1968 3486 Protagoras
2016 3422 2148 3466 cum
2193 3404 2445 3468 Euathlo
2488 3405 2591 3468 ‹li-

302 3554 309 3573 .
405 3517 659 3597 scipulo.
728 3515 880 3579 -Auli
926 3513 1098 3577 Gellii
1141 3514 1344 3577 verbis
1387 3521 1623 3577 utamur
1669 3513 1839 3603 Noct.
1891 3514 2009 3577 Au.
2050 3513 2150 3576 tib.
2193 3515 2266 3576 V.
2311 3532 2440 3595 cap.
2473 3516 2588 3579 lo:

412 3659 487 3671 —-
534 3625 761 3705 „Quale
808 3629 902 3685 est
941 3621 1351 3703 pervulgatum
1393 3622 1557 3702 illud,
1598 3638 1717 3704 quo
1760 3623 2150 3705 Protagoram
2169 3621 2589 3705 ‘sophistarum

410 3735 763 3799 acerrimum
823 3749 1007 3807 usum-
1040 3748 1196 3794 -esse
1259 3731 1457 3794 ferunt
1505 3732 1796 3797 adversus
1856 3731 2168 3795 Euathlum
2235 3731 2588 3814 discipulum

410 3858 605 3903 suum.
709 3841 810 3907 Lis
868 3857 1126 3922 namque
1186 3839 1345 3902 inter
1405 3856 1517 3903 eos
1578 3844 1640 3901 et
1702 3840 2118 3902 controversia
2181 3854 2362 3921 snper
2414 3848 2591 3921 pacta

549 4050 596 4117 ⁴¹)
637 4047 783 4111 Quod
820 4047 1167 4112 Quintilianus
1196 4049 1355 4115 igitur
1394 4055 1644 4098 memorat
1678 4047 1843 4101 Instit.
1884 4046 1974 4097 Iib.
2013 4046 2075 4102 11.
2115 4062 2227 4114 cap.
2266 4048 2398 4100 XVI.
2438 4048 2481 4118 §.
2519 4048 2591 4099 3·

412 4117 567 4182 „Nam
597 4128 647 4169 et
669 4118 866 4170 Socrati
899 4118 1147 4171 obiiciunt
1186 4119 1390 4180 comici,
1427 4116 1616 4168 docere
1652 4133 1786 4180 eum,
1822 4116 2078 4185 quomodo
2119 4119 2349 4184 peiorem
2384 4132 2591 4168 causam

403 4188 671 4241 meliorem
712 4191 934 4253 faciaw,
989 4191 1040 4241 id
1089 4206 1154 4241 ex
1189 4189 1547 4254 Aristophanis
1584 4189 1790 4255 quidem
1840 4189 2128 4253 sententia,
2180 4204 2333 4256 quem
2378 4186 2595 4255 respicit

404 4259 526 4323 ille,
582 4260 771 4313 dietum
810 4269 919 4310 est.
977 4261 1287 4328 Protagoras
1318 4275 1473 4321 vero,
1528 4274 1681 4326 quem
1714 4257 2086 4327 Aristophanes
2134 4259 2437 4321 cavillatur,
2487 4273 2594 4311 nou
2698 4272 2704 4278 ·

402 4334 633 4395 peiorem
654 4332 877 4382 ‘causam
912 4330 1215 4395 meliorem,
1267 4331 1356 4381 scd
1392 4297 1724 4381 infirmiorem
1779 4329 1904 4380 fecit
1953 4329 2253 4393 fortiorem3
2304 4342 2599 4420 quanquam

402 4400 502 4453 hac
540 4403 866 4470 professione
908 4403 1039 4454 illud
1078 4417 1188 4497 non
1227 4410 1309 4455 eut
1345 4401 1629 4453 exclusum.
2499 4426 2510 4435 -

2116 4505 2204 4571 10
