2975 4959
1260 278 1744 345 -71-

427 462 554 536 est,
599 457 808 521 falsam
856 476 994 523 esse
1041 469 1304 542 apparet.
1392 463 1642 525 Primum
1688 465 1847 526 enim
1900 482 1979 525 ex
2024 463 2317 529 Athenaei
2357 468 2596 530 ratione

423 567 555 646 ipso
611 555 979 632 induciarum
1036 577 1306 651 tempore
1355 590 1391 634 a
1429 571 1677 634 Platone
1731 573 2099 653 Protagorae
2156 592 2290 637 cum
2343 577 2592 638 Socrate

423 675 781 757 colloquium
843 677 1060 741 factum
1116 678 1260 760 fingi
1328 679 1570 742 disertis
1638 683 1841 743 verbis
1885 683 2034 762 ipse
2094 684 2317 745 indicat
2382 684 2588 747 hisce:

409 778 480 849 ‘O
521 784 592 847 δὲ
650 780 758 847 τόν
813 787 1102 866 διάλογον
1154 786 1506 870 ὑφίσταται
1566 786 1885 869 γινόμενον
1951 788 2097 870 περὶ
2147 788 2293 864 τούς
2335 790 2597 872 καιρούς

419 889 697 971 τούτους,
739 896 883 955 καθ’
923 888 1034 969 οὓς
1076 892 1143 957 αἱ
1181 896 1451 956 σπονδαί
1490 884 1871 979 προσφάτως
1913 896 2291 978 ἐγεγόνεσαν.
2364 900 2597 962 Deinde

421 1016 543 1061 non
587 999 725 1077 duc,
768 1001 879 1064 sed
921 1020 1098 1064 unum
1140 1003 1548 1065 tantummodo
1591 1003 2113 1067 anachronismum
2159 1023 2331 1085 quem
2376 1012 2598 1068 vocant

418 1107 645 1170 Platoni
669 1110 913 1189 imputat
937 1112 999 1172 in
1020 1110 1390 1172 Pherecratis
1409 1110 1751 1192 Agrestium
1781 1117 2047 1191 tempore
2071 1111 2393 1175 indicando
2418 1130 2595 1175 com-

418 1216 694 1284 missum:
735 1221 948 1298 quippe
977 1235 1132 1299 quae
1172 1217 1370 1280 fabula
1412 1235 1536 1280 non
1563 1234 1681 1281 uno
1710 1235 1870 1281 anno
1903 1225 2041 1281 ante
2083 1217 2354 1282 inducias
2382 1221 2599 1298 faclaS,

417 1325 525 1386 sed
552 1333 760 1405 quarto
799 1333 936 1406 post
980 1326 1158 1388 docta
1202 1327 1296 1390 sit.
1384 1326 1506 1389 Illis
1551 1326 1707 1388 enim
1732 1327 1991 1389 Platonis
2032 1328 2259 1405 verbiS,
2311 1346 2464 1408 quae
2513 1329 2592 1389 ad

416 1433 781 1514 Protagorae
823 1436 1074 1496 reditum
1127 1419 1467 1515 pertinent,
1540 1434 1884 1498 Athenaeus
1946 1435 2023 1496 ad
2071 1435 2294 1517 dialogi
2361 1442 2592 1515 tempus

419 1540 815 1604 definiendum
858 1543 1055 1605 utitur.
1140 1543 1270 1605 Mea
1317 1542 1575 1622 denique
1622 1542 1959 1624 explicandi
2015 1544 2251 1606 ratione
2288 1544 2591 1608 Athenaei

419 1651 605 1711 verba
647 1668 844 1731 neque
891 1653 951 1713 in
1002 1653 1172 1714 aliam
1220 1654 1571 1714 sententiam
1620 1658 1798 1733 atque
1852 1668 2007 1731 quae
2056 1652 2210 1715 inest
2254 1652 2586 1732 detorque-

414 1775 483 1820 re
527 1759 834 1840 cogimur,
890 1759 951 1821 id
993 1760 1150 1841 quod
1195 1759 1781 1823 Schleiermacherus
1840 1758 1987 1821 fecit
2045 1758 2120 1821 οὔ
2162 1757 2281 1838 πρὸ
2322 1762 2434 1822 τοῦ·
2474 1755 2593 1833 τᾶς

418 1865 743 1939 ἐνιαυσίας
802 1869 1296 1948 συντελεσθῆναι
1360 1865 1634 1940 σπονδάς
1685 1865 1993 1947 explicans
2064 1885 2176 1947 „zu
2221 1865 2427 1928 keiner
2472 1884 2590 1929 an..

415 1971 564 2034 dern
601 1974 734 2035 Zeit
785 1975 880 2036 als
919 1975 1217 2036 wdhreml
1273 1975 1378 2037 des
1421 1973 1872 2037 Stillstandes“.·
1941 1992 2137 2055 neque
2192 1981 2422 2041 mutare
2449 2021 2467 2052 ,
2528 1981 2594 2038 ut

411 2082 740 2159 HerbstiuS‚
782 2085 902 2164 qui,
943 2090 1005 2146 ut
1032 2102 1112 2144 ex
1133 2083 1431 2144 Athenaei
1463 2082 1667 2144 verbis
1708 2099 1875 2145 suam
1918 2082 2168 2145 eliceret
2207 2083 2588 2165 sententiam,

412 2198 547 2253 ante
592 2196 738 2270 περὶ
782 2188 929 2265 τούς
976 2188 1237 2272 καιροὺς
1296 2191 1556 2261 τούτους
1594 2191 1846 2253 inseruit
1888 2212 1919 2251 ο
1947 2189 1985 2251 ὕ
2029 2198 2089 2253 et
2131 2197 2267 2271 post
2311 2186 2589 2272 ἑγεγόνε·

410 2322 527 2362 σαν
566 2295 774 2360 dita
822 2297 1012 2359 πολὺ
1055 2291 1312 2380 ὅσπερ
1335 2320 1366 2360 ο
1390 2322 1445 2361 ν.
1497 2299 1767 2360 Ceterum
1793 2299 1853 2359 in
1884 2299 2039 2360 hunc
2063 2315 2330 2360 errorem
2365 2297 2594 2361 inducti

410 2423 545 2470 esse
590 2408 862 2469 videntur
893 2407 1126 2489 vulgari
1173 2409 1488 2469 verborum
1538 2407 1921 2470 distinctione
1978 2407 2123 2468 καθ’
2169 2401 2277 2479 οὓς
2318 2402 2592 2487 ἐγεγόνε-

406 2538 543 2579 σαν·
627 2516 786 2595 λέγει
833 2518 983 2595 γοῦν
1023 2550 1104 2564 --
1129 2564 1146 2596 ,
1195 2517 1365 2596 quasi
1406 2516 1639 2578 scilicet
1677 2521 2028 2595 sequeretur
2065 2514 2384 2578 verborum
2432 2530 2588 2595 quae

405 2623 772 2703 praecedunt
832 2624 1150 2704 explicatio
1192 2623 1506 2705 quaedam.
1591 2624 1727 2685 Post
1769 2619 2134 2705 ἐγεγόνεσαν
2176 2622 2352 2703 plene
2394 2624 2588 2685 inter-

401 2731 778 2812 pungendum
823 2738 940 2794 est.·

566 2840 912 2901 Athenaeus
957 2841 1137 2922 igitur
1165 2841 1551 2922 Protagoram
1592 2838 1715 2901 hoc
1757 2856 1889 2902 cum
1921 2839 2175 2902 Socrate
2221 2836 2580 2916 colloquium

409 2964 486 3009 ex
507 2948 770 3010 Platonis
809 2948 1102 3008 sententia
1147 2963 1307 3008 anno
1335 2946 1579 3009 circiter·
1616 2940 1761 3008 423.
1806 2945 2134 3007 instituisse
2175 2949 2356 3024 putat,
2402 2943 2583 3025 idque

407 3052 683 3133 probavit
723 3051 981 3133 Bergkio
1024 3051 1174 3126 (vid.
1219 3051 1319 3113 lib.
1357 3050 1394 3113 l.
1436 3068 1579 3133 pag.
1616 3050 1806 3126 1030.
1891 3050 2010 3114 Sed
2055 3058 2403 3131 argumenta
2450 3053 2581 3115 eius

407 3178 779 3240 nequaquam
839 3159 994 3219 adeo
1054 3161 1191 3219 sunt
1245 3158 1410 3219 firma
1440 3203 1460 3236 ,
1523 3163 1587 3219 ut
1630 3174 1753 3219 non
1796 3155 1958 3218 facili
1999 3173 2183 3236 opera
2235 3156 2583 3221 labefactari

405 3276 665 3351 queant,
727 3267 941 3329 nedum
1004 3266 1119 3328 illis
1178 3272 1384 3328 nostra
1441 3267 1740 3327 sententia
1796 3271 2115 3327 evertatur.
2204 3265 2400 3338 Quod·
2420 3267 2579 3328 enim

403 3377 479 3439 ad
544 3374 856 3455 Hipponici
915 3379 1164 3435 mortem
1226 3374 1436 3434 attinet
1489 3372 1641 3448 (vid.
1699 3371 1836 3433 Plat.
1888 3372 2044 3434 Prot.
2103 3389 2241 3452 pag.
2292 3373 2434 3433 311.
2477 3375 2577 3436 A:

405 3479 730 3547 Καταλύει
773 3485 873 3559 δ’,
945 3481 1047 3554 ὥς·
1073 3479 1192 3563 ἐγώ
1249 3472 1526 3562 ἤκουσα,
1585 3477 1758 3562 παρὰ
1803 3480 2056 3567 Καλλίᾳ
2092 3483 2176 3567 τῷ
2206 3478 2578 3546 Ἱππονίκου.

401 3598 463 3653 et
499 3610 637 3673 pag.
677 3591 820 3653 315.
860 3591 949 3653 D:
1001 3582 1119 3651 3Ην
1162 3589 1232 3653 δὲ
1286 3586 1676 3673 (Πρόδικος)
1718 3588 1784 3650 ἐν
1823 3584 2118 3670 οἰκήματί
2156 3611 2320 3664 τινι,
2359 3577 2411 3673 ᾧ
2453 3585 2572 3670 πρό

401 3702 518 3761 τοῦ
554 3703 673 3779 μὲν
715 3697 803 3772 ὥς
843 3700 1103 3781 ταμιείῳ
1146 3698 1378 3777 ἐχρῆτο
1410 3693 1774 3776 Ἱππόνικος,
1820 3695 1933 3757 νῦν
1982 3696 2050 3757 δὲ
2091 3692 2212 3755 ὑπὸ
2260 3697 2375 3756 τοῦ
2420 3690 2577 3777 πλή-

400 3807 557 3878 θους
598 3808 722 3867 τῶν
758 3801 1190 3868 καταλυόντων
1232 3797 1581 3876 ὃΚαλλίας
1623 3803 1732 3866 καί
1766 3803 1955 3865 τοῦτο
1997 3798 2341 3874 ἐκκενώσας
2382 3802 2578 3877 ξένοις

400 3909 740 3972 κατάλυσιν
805 3910 1185 3992 πεποίηκεν.)
1234 3926 1312 3971 ex
1371 3909 1632 3972 Herbstii
1696 3910 1994 3972 sententia
2042 3920 2209 3990 (pag.
2258 3909 2393 3981 93.)
2455 3909 2577 3973 hoc

400 4037 436 4081 a
479 4020 719 4080 Platone
758 4019 955 4081 fictum
999 4025 1124 4094 est,
1167 4035 1282 4098 qua
1324 4017 1385 4078 in
1428 4035 1496 4078 re
1538 4024 1601 4080 ut
1648 4018 1708 4079 in
1759 4017 2002 4098 speculo
2046 4026 2394 4080 cerneretur
2437 4018 2572 4082 Cat-

395 4125 513 4188 liae
551 4143 717 4203 moS,
772 4127 870 4206 qui
915 4129 977 4188 in
1015 4123 1384 4206 philosophis
1425 4124 1795 4204 excipiendis
1840 4128 2161 4189 immensas
2205 4126 2572 4206 profudisset

398 4236 655 4299 divitias.
740 4237 934 4314 Atque
971 4249 1041 4295 re
1087 4249 1230 4293 vera
1275 4230 1378 4292 tali
1423 4229 1677 4292 consilio
1739 4249 1859 4292 non
1906 4247 2098 4313 pauca
2140 4232 2386 4294 finxisse
2428 4229 2571 4292 Bla-

397 4352 600 4409 tonem
643 4348 848 4406 notum
892 4347 1006 4420 est,
1044 4346 1108 4402 ut
1149 4340 1301 4402 haec
1341 4339 1640 4402 sententia
1676 4341 1919 4404 minime
1960 4347 2123 4405 essct
2160 4340 2409 4415 absona,
2453 4336 2575 4400 nisi
