2975 4959
1213 278 1696 343 ...55-

370 459 529 522 sisse
566 459 983 525 demonstrare
1025 468 1277 525 conatus
1322 471 1450 540 est,
1494 482 1708 550 annum
1752 484 1869 546 quo
1911 472 2085 527 natus
2124 445 2202 526 sit
2240 464 2381 528 490.
2426 465 2546 529 ho'c

371 567 552 629 modo
598 568 833 651 efficit„
883 571 1243 652 Protagoras
1311 571 1465 652 apud
1511 572 1811 634 Platonem
1882 572 2105 653 dialogi
2164 576 2546 655 cognominis

366 693 510 760 pag.
551 676 693 740 317.
738 677 784 739 G
832 679 1137 741 auditores
1190 682 1370 761 inque
1431 681 1507 743 iis
1555 682 1732 743 etiam
1772 682 2082 745 Socratem
2140 681 2221 744 ita
2290 681 2546 760 alloqui..

374 790 504 847 tur:
565 783 842 859 Οὕδενὸς
900 780 1049 849 ὅτου
1108 782 1184 849 οὔ
1229 787 1477 852 πάντων
1519 787 1700 867 ὑμῶν
1735 790 1884 851 καθ’
1924 786 2171 869 ἦλικιάν
2217 788 2427 871 πατὴρ
2469 781 2553 851 ἂν

373 887 527 972 εἴην.
571 892 714 954 lnde
739 894 1047 957 Herbstius
1093 895 1320 976 colligit
1348 913 1486 977 pag.
1516 896 1619 983 1οκ1
1659 919 1678 958 2
1729 896 1924 978 „Ergo
1946 897 2156 976 viginti
2201 895 2331 957 lere
2375 896 2549 958 annis

372 999 732 1081 Protagoras
777 1002 1029 1065 Socrate
1071 1005 1262 1066 maior
1308 1004 1619 1066 habendus
1678 1011 1825 1067 est.“
1910 1003 2084 1077 Quod
2132 1005 2413 1066 temerius
2456 1010 2550 1066 est

374 1110 742 1172 conclusum.
829 1111 1074 1175 Etiamsi
1117 1115 1272 1175 enim
1333 1115 1700 1195 Protagorae
1761 1113 1977 1174 dictum
2020 1112 2098 1179 ad
2151 1112 2338 1175 verba
2401 1130 2551 1192 pre-

372 1217 649 1280 mendum
719 1225 883 1281 esset
909 1263 931 1293 ,
1001 1237 1374 1299 nequaquam
1441 1205 1610 1283 illud'
1650 1227 1813 1282 esset
1872 1220 2345 1284 consectarium:
2413 1235 2552 1280 nam

371 1325 776 1391 Athenienses
816 1328 1132 1391 admodum
1175 1330 1466 1406 iuvenes,
1505 1330 1857 1409 saepissime
1901 1328 2083 1391 multo
2126 1327 2345 1407 viginti.
2378 1327 2553 1389 annis

368 1435 679 1511 minores,
736 1451 960 1498 uxores
1018 1433 1241 1514 ducere
1283 1436 1575 1504 solebant.
1660 1437 1804 1499 Tum
1855 1452 2006 1498 vero
2047 1434 2328 1510 accedit,
2389 1429 2552 1512 quod

374 1542 754 1623 Protagoras,
795 1543 848 1605 si
889 1543 1128 1623 quidem
1170 1562 1425 1626 unquam
1467 1545 1711 1608 omnino
1757 1543 2050 1607 eiusmodi
2091 1542 2233 1623 quid
2275 1540 2548 1603 elocutus

373 1656 469 1713 est
512 1650 607 1726 (id
663 1651 824 1731 quod
873 1628 992 1733 egi>
1040 1652 1219 1714 vaide
1265 1653 1505 1716 dubitm
1573 1655 1752 1716 immo
1806 1653 1944 1715 tatia
2008 1651 2334 1731 sophistam
2387 1649 2550 1710 Plato

375 1757 672 1821 dicentem
721 1758 944 1821 fecisse
989 1760 1258 1838 videtur,
1300 1768 1363 1824 ut
1402 1779 1603 1824 mores
1649 1764 1777 1823 eius
1818 1762 2107 1823 lectorum
2148 1759 2360 1820 animis
2406 1774 2554 1837 per-

377 1869 620 1947 spicuos
662 1875 1076 1946 proponeret),
1117 1869 1246 1930 veri
1289 1869 1530 1931 modum
1576 1870 1945 1950 aliquatenus
1988 1871 2289 1948 excessit,
2334 1868 2550 1948 quippe

373 1975 473 2055 qui
515 1974 699 2054 apud.
727 1973 1030 2035 Platonem
1073 1975 1348 2036 omnibus
1410 1975 1472 2037 in
1526 1977 1718 2059 rebus
1781 1953 2151 2055 superiorem
2195 1992 2264 2037 se
2327 1975 2552 2035 ceteris

377 2088 554 2161 atque
602 2084 1095 2162 praestantiorem
1136 2082 1448 2162 glorietur.
1532 2083 1724 2145 Etiam
1769 2084 2166 2157 PeterseniuS‚
2218 2067 2316 2161 qui
2361 2081 2554 2144 disci-

373 2190 490 2271 puli
535 2190 773 2260 inventa
817 2188 1033 2268 alioqui
1077 2203 1443 2274 magnopere
1482 2188 1736 2250 laudare.
1768 2187 1946 2264 solet,
1996 2187 2057 2248 in
2083 2183 2197 2248 h'ac
2225 2201 2553 2265 argumen-

377 2303 607 2361 tatione
653 2298 808 2360 adeo
851 2295 1120 2374 offendit,
1170 2304 1232 2358 ut
1271 2297 1346 2358 ad
1392 2314 1529 2378 pag.
1579 2296 1715 2360 101.
1756 2296 1913 2359 hanc
1958 2294 2250 2357 adiiceret
2291 2300 2554 2356 annota-

375 2407 629 2468 tionem:
704 2405 861 2483 „Das
904 2403 1053 2486 folgt
1093 2404 1257 2467 nicht
1298 2404 1730 2485 nothwendig.‚
1786 2404 1861 2466 da
1918 2420 2058 2464 man
2094 2404 2224 2465 sich
2265 2403 2325 2463 in
2371 2401 2555 2466 Grie-
2679 2385 2682 2388 ¹

343 2513 669 2576 .chenland
710 2517 985 2577 mitunter
1048 2514 1241 2577 sehon
1301 2517 1379 2576 im
1438 2515 1828 2578 vierzehnten
1884 2513 2084 2600 Jahre-
2128 2510 2553 2575 verheirathen

375 2621 652 2697 mochte‚
715 2640 840 2684 was
885 2640 1020 2683 man
1065 2622 1391 2704 allerdings
1453 2627 1883 2685 voraussetzen
1927 2638 2133 2696 muSS‚
2191 2637 2368 2681 wenn
2412 2636 2553 2680 man

379 2727 477 2791 die
519 2729 977 2811 Verurtheilung
1037 2730 1145 2792 des
1202 2732 1564 2811 Protagoras
1620 2729 1743 2792 415
1804 2735 1973 2792 setzt.
2060 2727 2231 2789 Doch
2294 2726 2550 2788 braucht

377 2855 512 2898 man
561 2838 662 2900 die
702 2839 913 2901 Worte
969 2840 1079 2901 des
1120 2838 1437 2920 Sophisten
1495 2839 1653 2901 wohl
1699 2838 1863 2900 nicht
1904 2854 1976 2899 so
2036 2853 2237 2918 geuau
2276 2852 2353 2897 zu
2389 2834 2557 2896 neh-

381 2962 515 3024 men
540 2991 563 3018 ,
618 2948 693 3008 da
736 2948 841 3009 mit
888 2946 1091 3009 dieser
1132 2948 1389 3032 Ansicht
1447 2946 1579 3009 sich
1632 2945 1800 3007 nicht
1841 2962 1955 3006 nur
1996 2944 2096 3007 die
2137 2943 2393 3025 Angabe
2438 2942 2555 3004 des

373 3045 761 3117 Philostratus
788 3101 808 3134 ,
866 3056 1132 3118 sondern
1191 3053 1345 3117 auch
1408 3054 1523 3116 alle
1579 3054 1835 3136 iibrigen
1897 3053 2110 3116 besser
2176 3052 2546 3134 vereinigen.

372 3162 681 3228 Demnach
725 3166 888 3225 ware
930 3181 1039 3241 er,
1103 3180 1542 3245 angenommen
1604 3162 1745 3225 dass
1807 3180 1877 3225 er
1937 3163 2197 3244 neunzig
2241 3160 2426 3223 Jahre
2467 3159 2592 3246 alt⁴

369 3271 576 3347 ward,
633 3273 754 3334 505
794 3270 1109 3353 gelimeri,
1170 3270 1295 3334 443
1353 3271 1514 3334 nach
1554 3271 1754 3334 Thurii
1804 3288 2167 3353 gegangen‚
2222 3267 2345 3333 432
2389 3269 2557 3332 nach

371 3379 568 3442 Athen
610 3381 1105 3463 zuruckgekehrt,
1142 3380 1265 3443 415
1305 3381 1608 3444 entflohen
1646 3381 1766 3444 und
1806 3381 2190 3463 gaston-bens
2274 3378 2363 3440 De
2386 3394 2558 3440 nova.

371 3484 487 3547 hac
514 3487 839 3552 Petersenii
868 3488 1131 3565 ratione,
1167 3505 1502 3569 quanquam
1532 3494 1790 3567 quantae
1835 3489 1917 3549 sit
1951 3487 2209 3548 levitatis
2249 3486 2563 3552 neminem.

373 3592 556 3676 fugit,
609 3605 667 3673 §.·
710 3595 768 3658 6.
815 3598 1022 3676 paucis
1069 3612 1382 3676 exponam.
1465 3595 1653 3659 Miror
1693 3613 1850 3659 vero.
1884 3613 2015 3657 cum
2060 3592 2348 3654 Herbstio.
2388 3608 2559 3652 con-.

372 3705 597 3765 sentire
642 3705 913 3781 Astium‚
975 3706 1073 3785 qui
1116 3704 1249 3767 libri
1295 3704 1372 3766 de
1416 3704 1673 3771 Platonis
1729 3707 1858 3766 vita
1913 3709 1972 3763 et
2014 3701 2252 3780 scriptis
2296 3700 2441 3762 editi
2483 3701 2565 3767 im

373 3813 640 3889 margine
682 3831 819 3894 pag.
848 3813 947 3875 75.
994 3812 1150 3876 hanc
1195 3814 1438 3878 exhibet
1474 3800 1867 3875 sententiam-t
1910 3811 2110 3889 „Nach
2154 3808 2554 3874 aemilianum

375 3913 485 3983 91.
517 3917 564 3982 E
604 3921 767 3982 starb
809 3921 1170 4002 Protagoras
1214 3921 1290 3986 im
1334 3921 1780 4002 siebenzigsten
1820 3917 2043 3995 sahi-e,
2086 3935 2213 3979 was
2255 3916 2390 3980 dem
2431 3917 2564 3981 be*

371 4023 670 4085 stimmten
730 4027 1060 4109 Zeugnisse
1121 4030 1228 4091 des
1285 4029 1445 4091 Plato
1513 4030 1748 4109 Protag.
1794 4027 1950 4098 312.Κ
1985 4028 2030 4090 C
2076 4026 2566 4108 widetsprichtss*

372 4131 547 4205 Quod
589 4150 719 4195 cum
762 4152 898 4215 pag.
931 4136 1069 4198 312.
1105 4136 1170 4213 C,
1213 4155 1387 4218 quam
1431 4138 1636 4200 Astius
1681 4137 1903 4215 citavit,
1946 4153 2025 4197 ne
2067 4135 2267 4197 littera
2303 4135 2565 4216 quidem.

370 4237 693 4300 indicatum
735 4240 832 4312 sit,
878 4241 1221 4320 typothetae
1268 4258 1480 4303 errore
1522 4259 1659 4323 pag.
1711 4242 1852 4305 312.
1900 4241 1947 4305 G
1987 4259 2099 4323 pro
2138 4260 2278 4325 pag.
2324 4243 2465 4304 317.
2499 4243 2567 4305 C·-

374 4347 660 4428 scriptun
705 4345 1017 4413 videbatur
1058 4351 1235 4415 etiam
1284 4349 1509 4413 Geistio
1555 4350 1790 4434 pag‚7..-
1835 4349 1970 4416 Sed.
2002 4349 2277 4416 refellunt
2298 4351 2570 4425 Afittiumq.¹
