2975 4959
1276 268 1815 339 -114-

469 478 577 524 sua
639 460 717 523 de
779 477 980 524 rerum
1038 441 1247 523 natura
1311 468 1371 523 et
1412 461 1645 542 singula
1688 479 1724 522 e
1769 461 2023 543 singulis
2079 460 2393 535 deduxerit
2436 467 2497 523 et
2540 479 2646 523 ar-

464 571 539 632 tis
585 569 936 632 dialecticae
972 572 1240 648 posuerit
1284 569 1703 647 fundamenta,
1748 575 1945 632 tamen
1976 618 1994 646 ‚
2042 570 2142 631 ubi
2190 571 2320 631 sive
2362 551 2493 631 curn
2532 578 2642 632 usu

461 677 696 759 legibus
763 679 1073 757 sacrisque
1116 677 1580 741 institutionibus
1630 681 1876 740 sancito·
1910 679 2040 740 sive
2087 696 2219 739 cum
2265 679 2452 758 ipsius
2493 695 2643 757 pro-

461 787 644 848 bitate
687 804 1033 865 morumque
1070 787 1421 849 sinceritate
1467 792 1844 867 pugnarunt,
1907 786 2005 849 illa
2051 787 2231 848 missa
2278 786 2483 848 facere
2519 803 2641 847 non

465 895 788 957 dubitasse.
878 895 1051 968 Quod
1096 902 1157 957 ut
1212 895 1571 975 philosopho
1620 890 1746 957 i'ure
1816 895 2047 958 crimini
2108 901 2356 973 vertas»,
2420 894 2646 956 homini

462 1001 623 1063 laudi
687 1002 1021 1064 ducendum
1064 1009 1173 1064 est.
1264 1003 1437 1076 Quod
1483 1006 1742 1065 maxime
1782 1005 1963 1084 igitur
2009 1003 2189 1085 vulgo
2235 1003 2311 1064 de
2356 1004 2642 1083 sophistis

462 1111 783 1188 clamitant,
825 1129 902 1171 ex
931 1111 1194 1191 ipsorum
1238 1112 1513 1174 doctrina
1553 1115 1653 1175 uni
1702 1114 1917 1192 cuique
1962 1112 2188 1174 homini
2224 1113 2441 1175 bonum
2483 1129 2643 1187 esse,

459 1219 620 1281 unde
665 1220 1041 1282 commodum
1100 1222 1161 1293 ei
1205 1221 1445 1302 aliquod
1489 1228 1665 1302 atque
1709 1221 1932 1284 lucrum
1976 1221 2299 1283 redundet:
2373 1220 2436 1282 id
2479 1206 2643 1283 ¹Pro-

462 1334 709 1411 tagoras
747 1310 949 1410 planis·
981 1331 1186 1392 verbis
1231 1338 1433 1412 negat.
1515 1328 1651 1393 Non
1697 1333 1854 1392 enim
1897 1334 1997 1411 qui
2039 1329 2342 1407 iucunde,
2386 1331 2438 1390 is
2478 1346 2639 1391 con-

462 1439 627 1500 tinuo
695 1438 852 1500 bene
908 1439 1092 1515 vivit,
1153 1438 1264 1500 sed
1325 1440 1427 1519 qui
1468 1437 1746 1500 honeste.
1832 1439 2026 1519 Atque
2089 1438 2466 1500 salsissimum
2523 1444 2637 1514 est,

464 1545 627 1626 quod
698 1544 1144 1607 Baumh‘auerus
1221 1545 1511 1626 perdocta
1586 1545 1985 1626 disputatione
2014 1593 2031 1622 ‚
2102 1563 2218 1626 qua
2285 1547 2634 1608 examinat:

380 1724 385 1733 ,
462 1653 685 1732 „Quam
734 1654 851 1713 vim
894 1652 1557 1740 sophistaethabuerint
1601 1653 1854 1716 Athenis
1893 1652 1966 1714 ad
2011 1655 2223 1715 aetatis
2249 1670 2398 1715 suae
2447 1654 2639 1715 disci-

461 1758 724 1841 plinam,
782 1776 982 1821 mores
1022 1777 1095 1821 ac
1142 1760 1335 1822 studia
1384 1760 1825 1838 immutanda“‚
1884 1751 2144 1823 Traiecti
2180 1760 2256 1823 ad
2298 1760 2404 1823 Rh.
2450 1776 2636 1841 supe,-

456 1870 621 1930 riore
662 1885 819 1930 anno
862 1853 1196 1950 editapag.
1242 1869 1362 1931 91:
1404 1869 1715 1950 „ltaque‘.‘‚
1753 1869 1973 1950 inquit,
2016 1869 2166 1948 „hac
2207 1871 2637 1952 (Protagorae)

460 1972 731 2040 doctrina
777 1979 1237 2059 extinguebatur
1279 1980 1472 2040 omnis
1513 1978 1878 2040 verecundia
1917 1985 1981 2041 et
2023 1978 2221 2060 legum
2263 1978 2634 2053 reverentia3

453 2093 599 2167 quot
637 2066 792 2147 enim
838 2084 1078 2149 diversa
1108 2094 1290 2149 erant
1329 2086 1591 2161 iudicia,
1658 2093 1749 2149 tot
1792 2087 1931 2149 iusti
1992 2093 2053 2148 et
2094 2088 2223 2149 veri
2264 2087 2635 2149 habebantur

451 2198 759 2263 normaef‘
841 2195 985 2258 Nam
1048 2195 1164 2257 hac
1228 2197 1286 2257 in
1342 2212 1411 2256 re
1457 2195 1598 2275 quin
1646 2196 1806 2285 Plato
1873 2197 1949 2257 sit
1996 2198 2164 2257 testis
2232 2198 2490 2258 omnium
2532 2196 2630 2256 lo-

460 2304 896 2383 cupletissimus
952 2304 1056 2364 vix
1114 2303 1421 2383 quisquam
1480 2280 1725 2366 dubitet.
1776 2340 1849 2353 —
1901 2304 2171 2366 Ceterum
2233 2322 2406 2385 quam
2446 2305 2631 2367 Stoici

452 2418 664 2489 postea
705 2412 961 2473 maxime
1004 2411 1394 2477 excoluerunt
1421 2411 1884 2474 indifferentium
1931 2414 2287 2490 doctrinam,
2334 2415 2463 2475 eius
2509 2415 2633 2493 pri-

453 2538 607 2582 mum
655 2513 838 2582 fuisse
881 2518 1253 2582 conditorem
1302 2521 1689 2601 Protagoram
1735 2538 2045 2583 monemus
2091 2521 2242 2598 (vid.
2280 2539 2413 2603 pag.
2459 2509 2628 2596 99.)':

455 2630 571 2690 nisi
619 2628 773 2690 forte
816 2647 894 2690 ex
932 2629 1302 2691 Antisthenis
1342 2616 1598 2709 placitiS,
1646 2630 1744 2709 qui
1777 2630 2039 2711 Gorgiae
2080 2630 2397 2712 disciputus
2443 2630 2659 2692 fuisse·

452 2745 637 2817 atque
669 2740 915 2817 primum
958 2739 1087 2818 ipse
1129 2755 1364 2818 quoque
1411 2744 1596 2799 artem
1639 2738 2025 2817 sophisticam
2069 2738 2351 2801 docuisse
2391 2738 2628 2816 dicitur,
2689 2792 2694 2801 ,

451 2845 614 2906 Plato
661 2844 780 2906 hoc
827 2846 888 2907 in
933 2844 1299 2926 Protagorae
1343 2845 1714 2925 disciplinam
1756 2845 1963 2907 intulit.
2116 2845 2119 2848 ’
