2975 4959
1301 297 1836 367 ——190—2-

483 504 668 570 quare
712 485 1060 550 Abderitam
1111 483 1369 545 fortasse
1414 500 1548 546 cum
1589 483 1918 564 Protagora
1963 482 2271 564 astrologo
2325 483 2473 559 (vid.
2515 501 2666 566 pag.

493 597 621 675 13.)
687 613 724 657 a
781 595 1058 675 Diogene
1110 598 1498 672 permutatum
1563 608 1703 654 esse
1765 592 1959 672 putari
2004 592 2236 672 possit,
2298 609 2470 673 quam
2522 595 2663 673 qui-

483 704 619 768 dem
679 704 1034 766 sententiam
1092 701 1166 763 ab
1218 701 1349 781 ipso
1399 717 1523 762 non
1564 700 1828 779 probari.
1913 698 2032 763 Sed
2079 717 2275 779 neque
2334 700 2469 779 quia
2517 700 2668 781 περὶ

482 805 892 894 μαθημάτων
935 811 1253 889 inscriptus
1297 815 1447 886 erat,
1495 810 1637 872 inde
1682 808 1756 870 de
1802 808 1982 870 rebus
2025 807 2457 877 mathematicis
2500 808 2661 870 hunc

482 918 695 982 librum
758 918 946 980 fuisse
1003 916 1441 979 consectarium
1498 922 1634 993 est,
1697 930 1894 996 neque
1952 934 2084 978 cum
2127 916 2493 997 Protagorae
2548 934 2663 978 ra-

478 1029 643 1091 tione
690 1027 765 1089 de
824 1026 919 1088 his
978 1027 1160 1088 rebus
1222 1026 1526 1086 disserere
1585 1030 1986 1106 congrueret,
2053 1026 2168 1085 nisi
2210 1030 2271 1085 ut
2308 1022 2472 1085 nihili
2521 1040 2661 1085 esse

479 1124 790 1197 faciendas
854 1136 1331 1198 demonstraret:
1406 1132 1466 1195 id
1532 1130 1692 1214 quod
1747 1150 1815 1195 re
1878 1150 2023 1195 vera
2088 1151 2224 1195 eum
2294 1131 2515 1195 fecisse
2579 1151 2661 1194 ex

474 1244 798 1306 Aristotele
854 1248 1099 1323 apparet
1160 1240 1418 1322 Metaph.
1467 1240 1569 1302 lib.
1612 1239 1681 1302 ll.
1739 1258 1868 1321 cap.
1913 1242 1971 1303 2.
2015 1247 2157 1303 tom.
2204 1239 2274 1302 11.
2327 1258 2463 1321 pag.
2508 1240 2654 1303 998.

477 1351 705 1414 Bekk.:
779 1341 939 1414 Οὔτε
983 1346 1103 1431 γὰρ
1149 1345 1215 1412 αἱ
1260 1346 1571 1432 αἰσθηταὶ
1604 1350 1898 1430 γραμμαὶ
1939 1349 2242 1411 τοιαῦταί
2278 1350 2478 1425 εἰσιν,
2520 1345 2659 1419 οῗας

479 1462 642 1541 λέγει
672 1455 706 1520 ὅ
743 1450 1122 1540 γεωμέτρής’
1169 1450 1350 1518 οὗὸὲν
1393 1453 1516 1539 γάρ
1560 1453 1721 1517 εῧθό
1759 1457 1884 1519 τῶν
1925 1457 2245 1539 αἰσθητῶν
2286 1449 2481 1528 οὕτως
2507 1449 2661 1518 οῦδὲ

414 1580 421 1591 “
481 1562 878 1647 στρογγύλον.
925 1559 1189 1628 ἅπτεται
1214 1561 1335 1646 γὰρ
1361 1566 1475 1628 τοῦ
1499 1562 1755 1637 κανόνος
1781 1564 1856 1624 οὗ
1885 1562 2043 1626 κατὰ
2070 1562 2334 1646 στιγμὴν
2360 1559 2391 1624 ὅ
2413 1559 2655 1642 κύκλος,

487 1674 648 1753 ἀλλ’,
693 1668 903 1755 ὥσπερ
934 1668 1379 1752 Πρωταγόρας
1423 1669 1629 1753 ἔλεγεν
1653 1674 1923 1752 ἐλέγχων
1943 1670 2088 1745 τούς
2111 1675 2485 1753 γεωμέτρας,
2517 1663 2660 1734 οὗθ’
2779 1722 2788 1725 -
2860 1671 2866 1674 ’

482 1775 550 1843 αἱ
571 1777 845 1862 κινήσεις
874 1779 980 1840 καί
1013 1777 1209 1853 ἕλικες
1240 1781 1354 1841 τοῦ
1375 1780 1653 1859 οιῖρανοῦ
1669 1771 2069 1862 ὅμοιαι,περί
2095 1769 2184 1841 ὧν
2215 1777 2251 1860 ἡ
2285 1778 2661 1859 ἀστρολογία

470 1893 751 1965 ,ποιεῖται
792 1882 938 1960 τούς
980 1884 1224 1966 λόγους,
1271 1877 1413 1947 οὕτε
1454 1883 1531 1947 τά
1576 1894 1809 1967 σημεῖα
1856 1893 1982 1959 τοῖς
2027 1879 2279 1967 ἄστροις
2314 1883 2423 1968 τὴν
2457 1878 2657 1965 αὗτὴν

481 1991 615 2075 ἔχει
638 1981 855 2079 φύσιν.
884 1994 1053 2057 Conf.
1083 1995 1157 2057 ad
1179 1995 1298 2070 h‚.l.
1322 1995 1555 2056 scholia
1572 1995 1893 2059 Alexandri
1916 1995 2250 2074 etAsclepii
2270 1994 2365 2056 ed.
2384 1993 2673 2062 BrandiS.

479 2121 618 2184 pag.
662 2102 803 2166 618.
847 2108 907 2164 et
951 2102 1097 2165 619.
1185 2103 1360 2183 Apud
1380 2104 1686 2183 Platonem
1729 2103 1885 2164 Prot.
1936 2121 2073 2183 pag.
2116 2103 2256 2164 318.
2308 2103 2353 2163 E
2397 2103 2470 2164 ab
2520 2102 2655 2164 aliis

480 2210 719 2290 quidem
761 2211 1043 2290 sophistis
1088 2210 1170 2272 ait
1200 2212 1448 2273 iuvenes
1471 2211 1549 2272 ad
1572 2229 1678 2272 eas
1702 2211 2046 2290 disciplinas
2073 2211 2227 2272 trahi
2246 2211 2485 2288 invitOS,
2508 2198 2656 2291 quas

478 2327 545 2383 ut
577 2319 910 2402 effugerent
951 2320 1086 2382 illos
1133 2319 1412 2399 adierint,
1456 2316 1795 2398 λογισμούς
1840 2340 1907 2380 τε
1948 2322 2056 2380 καί
2095 2306 2510 2399 ἀστρονομίαν
2551 2318 2661 2380 καί

478 2432 859 2511 γεωμετρίαν
903 2428 1013 2490 καί
1051 2424 1394 2509 μουσικήνε
1444 2430 1637 2509 ipsum
1678 2445 1824 2491 vero
1869 2427 2013 2489 nihil
2055 2428 2278 2489 docere
2320 2418 2656 2489 eius‘modi.

481 2537 655 2612 Quod
715 2552 862 2598 vero
923 2554 960 2597 a
1015 2535 1316 2616 Simplicio
1377 2555 1519 2617 pag.
1566 2536 1708 2598 423.
1776 2536 1873 2598 ed.
1937 2536 2208 2598 BrandiS.
2272 2537 2349 2597 ad
2404 2537 2654 2598 Aristot.

479 2634 653 2726 Phys.
674 2645 774 2708 lib.
807 2642 928 2707 Vll.
976 2663 1107 2725 cap.
1139 2645 1196 2707 5..
1222 2646 1275 2707 si
1316 2644 1650 2706 medimnus
1692 2663 2015 2726 granorum
2062 2645 2395 2706 cadentium
2438 2662 2653 2706 sonum

481 2755 702 2837 edant,
751 2756 929 2815 etiam
973 2772 1152 2816 unum
1195 2772 1445 2835 granum
1496 2760 1672 2833 atque
1712 2753 1807 2814 vel
1853 2753 2058 2815 decies
2100 2753 2469 2816 millesimam
2523 2754 2654 2815 eius

456 2848 707 2944 ¹partem
759 2879 981 2925 sonare
1043 2880 1301 2925 necesse
1341 2880 1503 2940 esse,
1545 2863 1683 2942 quia
1726 2861 1881 2923 inter
1913 2862 2213 2923 minimam
2259 2863 2434 2924 unius
2476 2862 2652 2943 grani

465 2970 824 3051 'particulam
884 2977 1185 3050 totumque
1244 2971 1606 3033 medimnum
1652 2949 1816 3032 certa
1860 2971 2055 3051 aliqua
2097 2971 2435 3032 intercedat
2472 2969 2646 3048 rati0‚

478 3076 844 3158 Protagorae
901 3078 1064 3138 Zeno
1126 3079 1504 3157 persuasisse
1572 3077 1849 3139 diciturz·
1891 3060 2011 3139 hoc
2069 3076 2144 3138 ad
2208 3078 2469 3140 Zenonis
2530 3076 2649 3139 do-

481 3187 732 3247 ctrinam
777 3186 1034 3265 pertinet
1081 3185 1282 3260 (conf.
1326 3183 1599 3245 BrandiS.
1645 3185 1781 3245 hist.
1834 3184 1973 3264 phil.
2017 3185 2237 3252 tom.,l.
2280 3203 2415 3266 pag.
2444 3186 2646 3263 4090,

479 3314 617 3356 nam
675 3284 1040 3375 Protagorae
1104 3291 1525 3372 in·colloquio
1591 3291 1691 3354 illo
1764 3299 1964 3372 partes
2026 3292 2156 3354 fere
2218 3294 2415 3356 nullae
2474 3302 2649 3369 sunt3

479 3379 675 3483 neque
725 3403 1037 3482 quicquam
1082 3400 1324 3463 omnino
1369 3418 1448 3461 ex
1490 3400 1552 3462 id
1595 3419 1788 3482 genus
1829 3390 2287 3487 narratiunculis
2334 3401 2586 3469 efficitur
2615 3419 2650 3463 a

479 3511 821 3572 scholiastis
886 3516 986 3571 aut
1044 3509 1219 3589 plane
1275 3508 1428 3570 fictis
1491 3514 1591 3569 aut
1647 3494 2041 3588 personarum*
2090 3516 2256 3570 certe
2315 3510 2651 3571 nominibus

481 3619 854 3681 arbitrarium
898 3618 959 3679 in
995 3616 1230 3679 modum
1279 3617 1605 3678 exornatis,
1677 3617 1874 3689 Quare
1922 3619 2039 3697 'ego
2082 3617 2468 3698 Protagoram
2530 3618 2649 3679 hoc

480 3725 633 3787 libro
681 3726 757 3787 de
802 3725 1128 3804 disciplinis
1171 3725 1234 3786 in
1277 3725 1621 3786 universum
1664 3723 2020 3786 disseruisse
2061 3730 2198 3804 puto
2223 3704 2253 3785 ε’
2300 3726 2499 3804 quanti
2543 3743 2654 3785 ae-

406 3822 409 3831 ’
483 3832 815 3895 stimandae
857 3851 1130 3914 quaeque
1172 3833 1490 3913 primariae
1517 3839 1743 3908 essent,
1785 3833 1974 3913 qualis
1995 3834 2148 3893 inter
2174 3835 2654 3915 singulasinter-

480 3942 727 4004 cederet
768 3943 923 4003 ratio
969 3948 1029 4002 et
1071 3959 1221 4022 quae
1267 3949 1403 4004 sunt
1446 3943 1575 4002 eius
1625 3941 1807 4002 modi.
1883 3942 1954 4004 Ut
1997 3941 2114 4001 hoc
2156 3942 2286 4021 ipso
2328 3959 2405 4002 ex
2426 3944 2649 4021 scripto

479 4049 793 4130 repetitum
835 4049 1146 4127 videatur,
1206 4048 1364 4129 quod
1409 4048 1752 4110 Aristotelis
1792 4048 1929 4109 loco
1979 4049 2162 4110 modo
2205 4050 2469 4110 indicato
2516 4069 2650 4110 ma-

480 4156 928 4218 thematicorum
995 4155 1304 4217 scientIam
1366 4155 1532 4216 nihili
1599 4172 1737 4216 esse
1796 4153 2132 4217 faciendam
2201 4157 2647 4219 demonstrasse

481 4263 714 4326 dicitur.
