2975 4959
1141 299 1633 372 -49-

310 471 674 569 “lenificat
716 482 914 550 aaran
955 487 1270 569 βιώσαντα
1310 487 1420 573 ἔτη
1460 488 1616 574 πρὸς
1656 488 1733 554 τὰ
1780 490 2154 573 ἐνενήκοντα.
2214 492 2476 556 Platonis

307 576 464 656 enim
488 595 895 657 testimonium
913 596 1064 659 Men.
1085 615 1222 680 pag.
1250 597 1350 661 91.
1375 600 1424 660 E
1448 605 1526 676 et,
1552 601 1648 679 qui
1667 599 1813 663 illud
1834 599 2037 662 verbis
2056 600 2203 662 satis
2228 601 2473 663 incertis

305 708 657 781 conceptum
707 704 1105 783 exscripsisse
1146 703 1432 783 videtur‚.
1460 705 1812 785 Apollodori
1857 705 2013 787 apud
2054 706 2231 787 Diog.
2275 705 2471 768 Laert.

307 809 448 872 loco
494 807 675 870 modo
719 810 1002 890 indicato,
1046 830 1079 873 a
1117 813 1328 894 quihus
1373 820 1642 876 mortuus
1687 814 1902 876 dicitur
1959 815 2476 896 septuagenariuS‚

311 897 810 979 ceteris'Platonis
852 916 1009 979 locis
1053 917 1414 981 refelluntur.
1463 918 1551 980 Illi
1578 921 1751 981 -enim
1796 921 1848 982 si
1890 937 2093 982 verum
2138 909 2475 999 narrarent,

307 1041 467 1087 anno
511 1026 628 1087 iam
672 1024 815 1087 490.
882 1024 1148 1106 sophista
1190 1027 1313 1089 vita
1359 1026 1673 1090 defunctus
1717 1033 1924 1106 esset,
1973 1044 2168 1107 neque
2204 1045 2315 1108 per
2361 1029 2478 1090 de-

308 1147 440 1191 cem
471 1130 837 1211 olympiades
877 1131 1195 1195 floruisset.
1255 1131 1310 1193 A
1352 1132 1678 1214 Protagora
1724 1140 1919 1196 autem
1941 1133 2201 1197 Platonis
2248 1135 2473 1218 dialogi

310 1240 686 1318 cognominis
727 1238 765 1301 l.
808 1238 846 1300 l.
908 1239 1090 1319 ipsius
1151 1256 1345 1302 annos
1410 1258 1534 1302 non
1599 1243 1660 1302 in
1722 1243 1913 1302 maius
1973 1240 2185 1321 augeri
2247 1241 2474 1303 indicio

307 1355 444 1410 sunt
487 1349 673 1410 verba
715 1365 868 1428 quae
907 1348 1308 1428 praecedunt:
1385 1352 1616 1412 Καίτοι
1674 1347 1868 1411 πολλοί
1925 1370 1993 1429 γε
2041 1341 2308 1431 ἤδη·ἔτη
2348 1348 2482 1427 εἰμι’

307 1455 373 1517 ἐν
411 1456 489 1539 τῇ
539 1457 722 1539 τέχνῃ
751 1478 769 1496 ·
854 1451 963 1516 καί
1010 1455 1131 1537 γὰρ
1186 1457 1296 1518 καί
1347 1451 1424 1516 τὰ
1487 1453 1812 1532 ξύμπαντα
1870 1451 2068 1516 πολλοί
2121 1455 2237 1532 μοι’
2283 1457 2479 1535 ἐστιν,

305 1580 459 1642 quae
530 1580 654 1626 non
717 1560 933 1625 cadunt
983 1565 1047 1625 in
1106 1563 1684 1645 quadragenarium:
1751 1579 1867 1625 nec
1928 1562 2107 1626 facile
2168 1564 2477 1644 quisquam

304 1672 608 1734 tricesimo
657 1672 868 1733 aetatis
911 1688 1072 1735 anno
1116 1674 1236 1735 iam
1278 1672 1609 1753 perfecisse
1654 1677 1885 1752 potest,
1927 1689 2081 1752 quae
2123 1677 2261 1733 ante
2302 1689 2479 1751 quam

303 1779 551 1860 primum
620 1777 887 1842 Athenas
951 1783 1216 1844 venisset
1271 1781 1604 1862 perfecisse
1662 1781 2023 1864 Protagoras
2082 1782 2157 1843 ah
2217 1781 2476 1863 Epicuro

308 1888 559 1968 aliisque
602 1887 903 1951 traditur.“
953 1890 1125 1970 (Pag.
1175 1890 1309 1953 102.
1352 1897 1414 1952 et
1462 1890 1633 1965 103.)

472 1996 684 2063 Paucis
710 1987 954 2059 'tantum
993 1998 1169 2060 lineis
1203 1997 1464 2060 Herhstii
1496 1998 2068 2079 argumentationem
2096 1996 2479 2060 adumbravi:

307 2104 553 2183 longum
596 2105 755 2165 enim
823 2111 955 2167 erat
1017 2104 1215 2167 locum
1268 2112 1544 2186 repetere
1600 2108 1912 2186 integrum.
1996 2104 2115 2169 Sed
2158 2105 2319 2184 quod
2363 2104 2482 2167 ali-

310 2213 478 2275 cuius
532 2213 813 2275 momenti
857 2212 934 2275 sit
973 2219 1035 2276 et
1074 2213 1135 2274 in
1191 2214 1622 2276 sententiarum
1678 2229 1896 2275 nexum
1959 2210 2270 2290 conferat,
2333 2210 2488 2278 nihil-

231 2404 237 2410 Π
307 2327 399 2386 est
440 2321 744 2381 omissum.
829 2325 1020 2399 Atque
1086 2319 1163 2382 iis
1224 2337 1378 2402 quae
1438 2320 1556 2381 iam
1612 2320 1942 2383 moniturus
2002 2336 2132 2381 sum
2180 2324 2305 2381 tota
2348 2319 2479 2382 eius

302 2429 682 2491 ratiocinatio
723 2429 900 2492 etiam
942 2428 1175 2509 planior
1222 2429 1340 2492 fiet.

469 2537 709 2600 Annum
771 2552 890 2615 quo
948 2534 1149 2598 Thurii
1212 2535 1459 2597 conditi.
1501 2535 1623 2596 sint
1678 2532 1866 2595 fuisse
1909 2526 2053 2593 444.
2135 2530 2480 2597 Voemelius

307 2644 703 2725 disputatione
747 2645 824 2706 de
881 2644 998 2705 hac
1053 2660 1121 2705 re
1180 2644 1520 2724 conscripta
1584 2642 2018 2704 demonstrare
2052 2646 2306 2703 conatus
2362 2645 2477 2702 est.

304 2751 490 2832 quue
535 2751 600 2813 G.
639 2751 731 2813 Fr.
775 2751 1114 2813 Hermanno
1167 2751 1550 2813 obversatum
1590 2766 1730 2812 esse
1791 2747 2063 2824 videtur,
2119 2764 2254 2808 cum
2290 2746 2390 2809 lih.
2429 2745 2472 2810 1.

302 2876 439 2939 pag.
483 2857 638 2946 364.
711 2858 988 2920 Herhstio
1034 2875 1306 2921 errorem
1358 2860 1714 2938 imputaret=
1781 2854 1947 2935 „Und
1988 2852 2269 2929 (Herhst)
2314 2852 2478 2915 zieht

304 2972 481 3043 nun“‚
524 2967 732 3046 inquit,
782 2964 896 3045 „40
945 2982 1065 3028 von
1102 2965 1237 3033 443
1280 2966 1379 3039 ab,
1421 2964 1689 3027 welches
1728 2960 1876 3024 Jahr
1916 2979 2005 3040 er,
2047 2960 2327 3043 heilfiulig
2366 2975 2475 3022 er·-

303 3074 536 3151 innert‚
596 3073 905 3136 falschlich
948 3080 1091 3136 statt
1126 3070 1254 3137 444
1297 3073 1390 3135 fur
1432 3072 1532 3136 die
1579 3070 1909 3152 Griindung
1946 3086 2066 3131 von
2110 3066 2312 3131 Thurii
2352 3084 2472 3131 an·

305 3183 563 3266 nimmt.“
645 3181 766 3246 Sed
806 3200 842 3243 a
885 3182 1190 3245 Voemelio
1238 3180 1358 3244 hoc
1412 3197 1537 3242 non
1579 3179 1736 3241 adeo
1780 3177 1857 3239 ad
1899 3179 2093 3240 lucem
2137 3182 2267 3238 erat
2319 3192 2469 3256 per-

301 3290 556 3368 ductum,
599 3298 663 3352 ut
708 3291 1057 3353 dubitationi
1102 3290 1293 3352 nullus
1331 3297 1497 3352 esset
1533 3290 1723 3378 locus,
1808 3288 1992 3349 Immo
2038 3285 2261 3349 rectius
2309 3269 2470 3365 quo-

304 3400 619 3461 dammodo
667 3417 883 3463 annum
924 3400 1066 3463 443.
1129 3400 1437 3462 Herhstius
1493 3381 1774 3459 statuisse
1816 3395 2068 3456 videtur.
2152 3392 2298 3454 Nam
2339 3390 2466 3452 Lu-

303 3506 553 3570 dovicus
598 3507 927 3597 schilterus
972 3514 1034 3570 et
1076 3508 1426 3571 Theodorus
1470 3505 1787 3569 Muellerus
1845 3500 2343 3583 disputationibus
2389 3499 2468 3563 de

300 3613 689 3678 Thurinorum
748 3617 931 3677 rebus
990 3617 1379 3696 conscriptis,
1437 3630 1685 3695 quarum
1742 3617 1992 3690 utraque
2036 3611 2097 3670 in
2137 3608 2465 3670 certamine

296 3723 585 3787 litterario
646 3725 863 3787 civium
926 3726 1273 3787 academiae
1331 3724 1632 3806 Georgiae
1694 3723 2002 3803 Augustae
2065 3733 2225 3780 anno
2281 3716 2442 3780 1838

293 3832 576 3911 praemiis
619 3839 713 3896 est
753 3840 987 3914 ornata,
1036 3836 1099 3897 in
1141 3834 1489 3897 Thuriorum
1536 3830 1861 3912 primordia
1905 3826 2223 3909 diligenter
2263 3826 2467 3908 inqui-

268 3935 496 4002 'rentes
541 3949 748 4006 contra
791 3942 1158 4006 Voemelium
1200 3942 1319 4005 hoc
1361 3943 1867 4019 demonstrarunt,
1910 3938 2005 4001 bis
2049 3935 2301 3999 colonos
2349 3934 2465 3997 de-

270 4046 513 4110 *ductos
560 4066 697 4111 esse
740 4050 1030 4128 Thurios,
1080 4050 1329 4130 primum
1375 4049 1667 4110 archonte
1711 4025 2070 4109 Callimacho
2114 4058 2276 4106 anno
2322 4041 2468 4117 445,

246 4195 251 4202 -
286 4152 503 4218 iterum
543 4153 834 4217 Praxitele
878 4173 1038 4218 anno
1083 4156 1224 4218 443.
1309 4155 1439 4215 Vid.
1487 4152 1759 4217 schilleri
1806 4166 1946 4232 pag.
1982 4152 2078 4212 11.
2121 4155 2181 4212 et
2223 4165 2278 4231 q.
2311 4164 2464 4228 sqq„

278 4260 546 4324 Muelleri
586 4279 723 4343 pag.
766 4266 830 4326 5.
909 4266 1031 4330 Sed
1099 4267 1228 4328 sive
1284 4280 1444 4327 anno
1491 4261 1635 4324 443.
1697 4261 1832 4323 sive
1869 4258 2032 4322 444.
2099 4258 2463 4336 Protagoras

272 4370 524 4432 Athenis
565 4369 820 4433 Thurios
879 4374 1184 4454 profectus
1245 4376 1358 4451 sit,
1421 4371 1639 4434 eodem
1696 4382 1856 4431 anno
1901 4367 2152 4447 primum
2198 4363 2470 4425 Athenas

2040 4486 2083 4548 4
