2975 4959
1171 303 1706 375 ——129-2-

516 490 790 552 Ceterum
838 488 955 551 huc
994 490 1250 568 pertinet
1291 486 1571 552 Themist2
1619 489 1722 553 Or.
1759 481 1968 552 xxm‘.
2013 506 2148 571 pag.
2172 490 2313 553 289.
2350 490 2528 566 (350.

351 599 595 675 Dind.):
621 597 785 660 ’Ense'
801 598 910 659 καί
927 598 1242 679 Πρόδικος
1268 598 1379 659 καί
1404 599 1847 679 Πρωταγόρας
1870 591 1903 657 ὃ
1926 598 2314 682 Ἀβδηρίτης,
2358 593 2390 658 ὅ
2416 603 2535 679 μὲν

347 704 729 787 ὀρθοὲπειάν
773 729 836 767 τε
887 706 995 766 καί
1034 705 1595 786 ὀρθορρηιιοσιῖνην
1649 709 1896 783 μισθοῦ
1939 701 2326 769 ἐκδιδάσκων
2385 703 2537 779 τούς

346 812 553 892 νέους,
597 809 627 873 ὃ
671 816 739 875 δὲ
779 810 851 875 τὰ
881 813 1239 889 Σιμωνίδου·
1274 834 1336 874 τε
1382 811 1494 874 κάί
1531 808 1738 875 ἄλλων
1768 810 2090 895 ποιήματα
2130 810 2538 895 ἐξηγούμενος

351 924 659 1005 σοφισταὶ
700 916 875 1001 ὅμως
933 917 1041 982 καί
1100 912 1293 1003 ἤστην
1354 922 1462 981 καί
1525 917 1881 1002 ἑλεγὲσθην.
1971 910 2175 983 Falsus
2218 927 2312 983 est
2375 922 2533 981 enim

358 1029 752 1110 Spengelius,
815 1028 911 1108 qui
968 1045 1107 1108 pag.
1151 1027 1248 1090 59.
1295 1030 1671 1108 Συναγωγῆς
1727 1030 1971 1109 τεχνῶν
2033 1027 2346 1091 Prodicum
2415 1027 2532 1089 boc

357 1135 658 1198 Themistii
720 1137 859 1198 loco
924 1136 1247 1198 Simonidis
1309 1138 1693 1214 interpretem
1739 1137 2059 1198 memorari
2118 1142 2298 1216 putat.
2375 1138 2532 1200 ‘Nam

359 1243 436 1305 de
474 1244 725 1306 Prodico
771 1243 1009 1323 quidem
1053 1243 1195 1305 nihil
1242 1244 1534 1305 eiusmodi
1574 1244 1869 1321 innotuit,
1930 1245 2043 1305 nisi
2084 1244 2243 1306 forte
2285 1251 2348 1307 ut
2389 1244 2530 1307 illud

357 1358 640 1425 statueret
681 1353 739 1414 id
783 1351 1014 1413 induxit
1052 1351 1468 1431 Spengelium‚
1511 1349 1670 1431 quod
1715 1357 1777 1411 et
1816 1351 2192 1429 ὀρθοέηειαν
2234 1351 2530 1433 Protago-

354 1477 481 1521 ram
522 1465 816 1521 tractasse
860 1458 1098 1520 aliunde
1144 1440 1373 1519 sciebat
1404 1435 1558 1528 (vid.
1604 1476 1732 1538 cap.
1777 1457 1926 1535 nt),
1966 1465 2027 1519 et
2066 1457 2353 1520 Prodicus
2384 1460 2525 1523 Plat.

353 1567 507 1629 Prot.
553 1584 690 1648 pag.
718 1568 858 1629 340.
897 1567 1021 1628 Bet
1048 1564 1187 1628 341.
1221 1568 1266 1627 C
1308 1586 1340 1629 a
1385 1569 1636 1627 Socrate
1682 1567 1975 1627 excitatus
2000 1567 2289 1629 Simonidi
2332 1584 2530 1647 popu-

348 1675 460 1738 lari
507 1676 727 1737 auxilio
774 1678 955 1738 venit.
1020 1672 1196 1753 Sed,
1255 1682 1317 1737 ut
1359 1675 1434 1735 ab
1480 1675 1600 1737 hoc
1657 1675 1932 1755 incipiam
1964 1696 1988 1752 ,¹
2028 1675 2179 1754 apud
2227 1675 2527 1738 Platonem

349 1800 471 1845 non
516 1783 826 1846 Prodicum
872 1783 980 1845 sed
1026 1783 1413 1866 Protagoram
1441 1783 1769 1846 Simonidei
1814 1784 2096 1845 carminis
2146 1784 2526 1862 interpretem

347 1909 536 1974 agere
582 1893 876 1954 neminem
925 1891 1135 1974 fugere
1174 1897 1373 1972 potest
1426 1891 1577 1967 (vid.
1625 1909 1762 1971 pag.
1808 1891 1949 1952 339.
1995 1892 2049 1953 A
2095 1897 2152 1952 et
2193 1908 2250 1970 q.
2302 1902 2529 1971 seqq.)‚

343 2006 407 2062 ut
450 2003 587 2080 quin
636 2001 941 2062 Themistii
989 2001 1188 2061 verbis
1235 2000 1597 2081 Protagoras
1646 1994 1941 2061 indicetur
1985 2007 2292 2079 poetarum
2340 2000 2525 2061 inter·

341 2126 482 2188 pres
523 2126 642 2189 ego
685 2126 804 2170 non
854 2109 1133 2173 dubitem.
1224 2108 1395 2182 Quod
1438 2110 1489 2168 si
1538 2110 1617 2168 ita
1661 2113 1773 2185 est,
1810 2106 2334 2188 ἅρθορρημοσύνη
2371 2108 2523 2169 Pro-

339 2217 461 2278 dici
502 2224 595 2278 est
652 2235 750 2280 ars
811 2217 907 2278 illa
935 2264 952 2294 ‚
1008 2234 1150 2305 qua
1185 2217 1411 2278 similes
1461 2216 1835 2277 diversorum
1881 2215 2196 2276 verborum
2243 2216 2524 2277 notiones

343 2323 773 2406 distinguebat:
822 2325 941 2385 vid.
983 2325 1336 2406 Spengelius
1378 2341 1515 2405 pag.
1560 2323 1661 2386 46.
1715 2330 1777 2385 et
1816 2342 1872 2404 q.
1920 2341 2125 2403 seqq.‚
2167 2322 2522 2384 W‘elckerus

335 2433 439 2495 lib.
486 2432 641 2495 laud.
687 2450 822 2514 pag.
857 2433 1024 2509 5593
1068 2431 1449 2512 ὄρθοέπειαν
1493 2449 1639 2494 vero
1691 2434 1890 2494 tribuit
1936 2430 2185 2493 Prodico
2230 2434 2519 2495 memoria

337 2541 537 2620 lapsus
583 2547 757 2621 atque
801 2542 1012 2603 similia
1057 2542 1240 2603 verba
1286 2545 1346 2604 in
1397 2560 1574 2603 unam
1619 2542 1990 2621 eandemque
2034 2560 2160 2602 rem
2195 2541 2522 2603 conferens

335 2649 486 2724 (vid.
508 2649 861 2711 Welckerus
882 2667 1015 2731 pag.
1032 2650 1173 2711 559.
1199 2656 1401 2711 annot.
1426 2650 1620 2726 1630.
1645 2648 1947 2729 Spengelii
1966 2665 2231 2710 errorem
2250 2651 2517 2728 quamvis

335 2759 455 2819 iam
496 2775 529 2819 a
562 2759 882 2820 Welckero
931 2760 966 2820 l.
1015 2759 1051 2819 l.
1094 2764 1362 2821 notatum
1405 2760 1581 2821 etiam
1624 2758 2000 2837 amplificavit
2018 2757 2336 2818 Lerschius
2382 2758 2515 2820 libri
2625 2830 2644 2843 .

325 2867 425 2946 qui
473 2861 814 2929 inscribitur
839 2868 946 2929 Die
967 2866 1572 2948 Sprachphilosophie
1617 2868 1725 2928 der
1750 2867 1928 2928 Alten
1976 2872 2116 2927 tom.
2146 2865 2185 2927 1.
2231 2884 2367 2946 pag.
2407 2869 2511 2929 15:

329 2973 465 3054 „mit
511 2974 712 3037 dieser
732 2974 1254 3055 Unlerscheidung
1285 2973 1750 3055 de'rSynonyma
1792 2972 2027 3036 scheint
2058 2973 2220 3035 -aucb
2268 2992 2512 3036 zusam-

334 3081 791 3164 mcnzubangen
839 3085 1010 3145 scine
1049 3083 1385 3165 Erklarung
1428 3084 1539 3145 der
1575 3082 1841 3156 Dichter,
1880 3082 2168 3149 wodurcb
2218 3100 2287 3143 er
2330 3083 2509 3144 einen

330 3189 664 3270 Haupttheil
690 3191 799 3252 der
821 3192 1228 3254 helleniscben
1249 3192 1630 3268 Grammatik,
1653 3192 1751 3252 die
1774 3188 2060 3273 ἐξήγησις
2078 3193 2201 3253 τῶν
2220 3191 2512 3270 ποιητῶν,

329 3296 722 3381 begrsmdete.
740 3299 1098 3381 Vorzfiglich
1114 3317 1274 3360 muss
1294 3298 1420 3360 sich
1435 3299 1729 3361 Prodikus
1747 3317 1821 3360 an
1839 3300 2068 3360 seinem
2086 3299 2508 3360 Landsmanne

326 3405 667 3469 Simonides
690 3407 971 3468 versucht
997 3406 1225 3468 haben:
1270 3405 1391 3484 vgl.
1413 3405 1647 3487 Protag.
1677 3405 1819 3467 339.
1849 3405 1923 3485 A,
1952 3405 2095 3468 340.
2122 3406 2197 3484 A,
2225 3405 2505 3467 Themist.

325 3514 432 3577 Or.
452 3514 546 3576 lv.
577 3532 713 3596 pag.
755 3514 900 3576 113:
958 3509 1278 3594 Πρόδικος
1303 3549 1384 3560 -
1402 3510 1478 3575 τοὶ
1503 3511 1859 3588 Σιμωνίδου
1883 3535 1952 3574 τε
1976 3514 2086 3575 καί
2108 3504 2311 3574 ἄλλων
2330 3509 2506 3595 ποιή-

319 3638 494 3701 ματα
536 3624 997 3704 ἑξηγου’μενος“,
1044 3629 1106 3683 et
1149 3640 1287 3703 pag.
1338 3622 1446 3685 18:
1495 3618 1613 3700 „So
1657 3619 1816 3682 kann
1863 3637 1932 3681 es
1973 3620 2137 3682 nicht
2181 3619 2498 3685 auffallend

321 3733 478 3809 sein,
514 3731 656 3794 dass
695 3733 867 3793 einer
911 3731 1020 3792 der
1062 3730 1700 3817 ausgezeichnetesten
1732 3730 2070 3809 sophistem
2115 3730 2497 3810 ProtagoraS,

322 3837 756 3919 dieJfingtinge
805 3837 920 3920 τὴν
967 3835 1340 3920 ὄρθοέπειάν
1380 3860 1445 3899 τε
1489 3837 1599 3899 καί
1640 3835 2202 3920 ὅρθορρημοσύνην
2241 3838 2495 3919 gelehrt,

325 3948 442 4007 wie
481 3946 757 4013 Themist,
803 3955 953 4009 orat.
1000 3946 1096 4009 lV.
1141 3964 1281 4027 pag.
1333 3946 1470 4008 113.
1537 3945 1885 4008 berichtet.“
1968 3945 2288 4008 Lerscbius
2334 3950 2494 4009 enim

318 4053 502 4115 verba
528 4053 623 4116 illa
652 4055 801 4115 Prot.
827 4071 960 4135 pag.
989 4056 1130 4117 338.
1160 4053 1209 4114 E
1251 4060 1312 4115 et
1337 4053 1485 4119 339.
1507 4054 1584 4132 Α,
1627 4052 1842 4134 quibus
1870 4053 2230 4135 Protagoras
2273 4055 2348 4115 ad
2390 4054 2494 4116 Si-

313 4162 571 4224 monidis
624 4150 862 4222 car'men
926 4163 1337 4242 explicandum
1404 4162 1796 4242 aggreditur,
1853 4164 2169 4224 oscitantia
2236 4155 2491 4241 quadani

313 4269 544 4332 Prodici
591 4287 731 4331 esse
774 4270 1045 4349 opinatus
1095 4279 1208 4332 est.
1271 4269 1404 4332 Non
1452 4271 1737 4332 Prodicus
1768 4271 1951 4352 igitur
1990 4270 2098 4332 sed
2129 4270 2489 4349 Protagoras

304 4375 731 4460 interpretandi
779 4359 927 4441 artis
971 4378 1192 4458 primus
1235 4378 1345 4441 fuit
1388 4385 1617 4441 auctor.

2049 4493 2094 4562 9
