2975 4959
1159 313 1254 367 2-
1361 283 1514 349 175·
1617 314 1709 328 -···

352 456 585 524 τούτου
625 463 742 523 τοῦ
772 459 959 540 λόγου
1001 460 1174 539 μάλα
1220 463 1605 542 ἐρρωμένως.
1663 463 1827 535 Quae
1873 463 2181 524 Herbstius
2224 481 2358 545 pag.
2393 462 2527 525 129.

357 569 433 630 de
478 568 803 649 Protagora
846 575 1048 629 sectae
1093 569 1639 647 perniciosissimae
1683 572 1994 634 conditore
2039 579 2346 652 nugatur,
2401 572 2528 632 Ga-

353 674 475 736 1θηί
522 677 722 738 verbis
766 693 887 736 non
938 676 1251 737 intellectis
1299 678 1593 738 nituntur:
1636 677 1801 756 „Und
1843 678 2008 742 ward
2052 696 2121 740 so
2169 679 2277 739 der
2321 678 2526 741 Stifter

357 784 529 845 einer
567 783 749 848 Sekia
798 783 1037 857 (Galen.
1083 781 1227 864 περὶ
1291 784 1652 866 φιλοσόφου
1698 782 1976 867 ἱστορίας
2021 804 2070 848 c,
2118 786 2187 847 Ξῖ
2248 789 2531 863 Πρωτα-

352 888 545 972 γόρας
585 889 896 975 συσζάτης
940 893 1051 970 τῆς
1084 887 1251 952 κατὰ
1300 894 1681 974 φιλοσοφίαν
1723 894 1968 974 τέχνης)
2034 894 2219 955 deren
2277 893 2369 954 sur
2407 878 2532 955 Le-

354 998 474 1060 ben
533 1000 652 1060 und
692 999 856 1060 Staat
909 997 1478 1079 unbeilbringendes
1524 999 1809 1061 Wirken“
1856 1006 1916 1061 et
1954 1019 2015 1080 q.
2067 1018 2234 1082 seqq.
2322 999 2532 1062 Galeni

356 1107 650 1168 sententia
705 1114 829 1168 est:
890 1107 1282 1190 „Protagoras
1341 1107 1620 1170 conditor
1668 1110 1812 1170 artis
1868 1107 2240 1190 philosophia
2300 1111 2532 1175 nixae.“

358 1249 441 1262 —-
487 1213 762 1275 Ceterum
829 1213 1276 1291 facile‘cred0‚
1342 1215 1626 1294 plurimos
1672 1215 2072 1297 Protagoreos
2133 1217 2277 1279 nihil
2324 1224 2537 1297 protu-

363 1322 509 1387 lisse
556 1322 670 1383 nisi
711 1321 980 1398 λεξείὸια
1032 1339 1104 1383 ac
1146 1319 1533 1402 θεωρήματα
1562 1368 1581 1401 ,
1640 1341 1792 1403 quae
1836 1324 2140 1404 Epictetus
2199 1324 2342 1387 dicit
2397 1342 2534 1407 pag.

369 1430 508 1491 172.
547 1429 585 1491 1.
625 1429 663 1491 l.
711 1429 883 1491 Conf.
929 1429 1172 1493 Theaet.
1228 1429 1359 1492 179.
1404 1429 1472 1508 E,
1524 1431 1661 1498 180.
1704 1433 1783 1512 A,
1827 1432 1891 1495 B.

493 1759 614 1821 lam
639 1776 807 1838 vero,
847 1767 911 1821 ut
932 1759 1048 1821 hoc
1074 1759 1211 1821 loco
1240 1756 1376 1839 quid
1425 1758 1500 1819 de
1526 1740 1848 1840 Protagora
1868 1760 2240 1822 statuendum
2265 1761 2538 1825 videatur

360 1869 570 1947 paucis
610 1868 1134 1948 comprehendam,
1176 1869 1274 1947 qui
1323 1884 1399 1928 ex
1443 1868 1702 1929 Platonis
1746 1869 1988 1949 dialogo
2034 1887 2167 1930 eum
2214 1870 2534 1931 aestimare

356 1977 653 2038 voluerint
715 1993 837 2037 non
896 1975 1162 2038 adbibita
1228 1992 1455 2036 summa
1522 1975 1842 2052 cautione,
1913 1994 1947 2037 a
2004 1993 2153 2038 vero
2215 1977 2533 2051 aberrasse

359 2101 534 2163 quam
580 2083 929 2165 longissime
993 2088 1254 2162 apparet.
1338 2081 1511 2161 Apud
1559 2082 1858 2144 Platonem
1920 2084 2076 2144 enim
2134 2083 2267 2144 talis
2312 2083 2531 2163 prodit,

362 2192 489 2271 qui,
529 2210 864 2272 ,quanquam
906 2191 980 2253 ab
1023 2190 1358 2252 hominibus
1401 2189 1674 2255 omnibus
1717 2196 1779 2251 ut
1819 2190 1982 2252 Deus
2024 2189 2395 2269 celebratur,
2435 2198 2533 2254 ta-

355 2317 493 2390 men
552 2318 747 2381 neque
802 2302 932 2380 ipse
993 2317 1067 2362 ea
1113 2298 1423 2376 doctrina,
1486 2272 1680 2378 quamx
1709 2299 1840 2360 aliis
1885 2314 1954 2359 se
1993 2298 2339 2360 traditurum
2383 2316 2531 2379 pro-

252 2422 257 2427 ·
354 2409 556 2486 mittit,
609 2408 864 2470 imbutus
917 2412 1048 2482 est,
1111 2423 1325 2486 neque·
1370 2423 1502 2469 eam
1557 2412 1719 2468 tenet
1764 2407 2105 2488 exponendi
2149 2407 2526 2486 disputandi·
2579 2394 2582 2397 ¹

357 2533 472 2597 que
521 2518 714 2594 viam,
780 2536 952 2598 quam
1009 2515 1161 2577 inire
1222 2513 1395 2576 decet
1450 2514 1883 2596 philosophum,
1974 2517 2141 2589 Quae
2194 2516 2323 2596 ipse
2380 2532 2530 2596 pro-

353 2624 513 2704 fert,
586 2631 722 2686 sunt
774 2625 1057 2704 pleraque
1115 2623 1271 2684 dicta
1338 2640 1417 2685 ex
1470 2623 1627 2684 vitae
1689 2623 2060 2703 experientia
2120 2629 2347 2702 sumta,
2403 2624 2528 2687 loci

355 2749 722 2810 communes,
767 2733 1141 2793 arbitrarium
1184 2732 1245 2790 in
1291 2714 1529 2791 modum
1561 2732 1981 2812 coagmentati,
2019 2730 2175 2792 nulla
2219 2737 2380 2791 certa
2427 2749 2528 2792 ra-

354 2843 518 2904 tione
574 2838 890 2901 moderati.
940 2838 1284 2915 ¹Attamen,
1353 2838 1452 2916 qui
1500 2854 1653 2916 quae
1703 2838 1787 2923 ‘de
1847 2837 2194 2901 auctoribus
2236 2838 2527 2919 Protago-

355 2968 461 3012 rae
503 2946 916 3030 cognoscendi
958 2946 1346 3009 disseruimus
1389 2945 1634 3022 tenebit,
1678 2946 1729 3008 is
1768 2947 1872 3008 vix
1899 2944 2181 3009 temerius
2210 2945 2526 3009 iudicatum

356 3064 538 3137 putet,
581 3057 766 3119 fuisse
811 3073 943 3118 eum
989 3054 1433 3136 philosophum,
1474 3055 1644 3116 cuius
1688 3053 1903 3135 placita
1946 3055 2008 3119 in
2054 3055 2370 3134 rationem,
2409 3072 2525 3135 qua

344 3165 717 3233 ‚Graecorum
761 3163 1135 3243 philosophia
1176 3178 1503 3243 progressa
1546 3169 1661 3234 est,
1711 3179 1985 3243 magnam
2027 3163 2145 3224 vim
2188 3161 2524 3240 habuerint,

353 3272 710 3351 maximique
756 3287 913 3333 nunc
958 3272 1077 3332 sint
1115 3269 1395 3330 momenti
1439 3267 1519 3331 ad
1560 3267 1716 3331 illam
1755 3274 1989 3348 penitus
2012 3270 2521 3349 perspiciendam3

346 3380 796 3462 grammaticum
862 3378 1313 3459 sagacissimum
1381 3375 1673 3457 huiusque
1742 3376 2091 3456 disciplinae
2160 3376 2374 3458 magn'a
2443 3395 2521 3439 ex

349 3495 518 3568 parte
573 3493 878 3549 auctorem
905 3505 922 3562 3
983 3486 1128 3546 artis
1173 3484 1495 3563 politicae,
1557 3485 1840 3564 imprimis
1885 3482 2262 3562 rhetoricae,
2324 3485 2524 3566 magi-

353 3604 538 3661 strum
583 3595 738 3658 itlius
781 3594 1067 3673 temporis
1113 3593 1370 3655 omnium
1419 3593 1981 3670 celebratissimum
2017 3594 2208 3656 virum
2249 3591 2523 3673 denique,

347 3706 515 3767 cuius
577 3703 933 3784 probitatem
1003 3716 1349 3780 morumque
1424 3700 1827 3763 sinceritatem
1891 3699 2109 3765 frustra
2180 3699 2522 3764 detrectare

350 3813 549 3874 conati
608 3812 759 3888 sint3
814 3826 893 3872 ne
957 3810 1178 3871 multa:
1240 3809 1428 3870 fuisse
1475 3826 1610 3871 eum
1664 3808 1986 3889 sophistam
2032 3826 2111 3870 ex
2152 3826 2295 3870 vera
2343 3815 2521 3889 atque

58 3916 63 3923 '
174 3960 179 3963 »
253 4000 257 4005 ,
346 3923 585 4001 antiqua
643 3919 816 3981 verbi
865 3918 1112 3981 notione
1137 3963 1156 3996 ‚
1221 3934 1414 3997 neque
1475 3916 1957 3980 confundendum
2005 3933 2137 3978 cum
2180 3917 2522 3991 hominibus⁴

349 4029 521 4106 istis,
591 4032 838 4107 quorum
894 4042 1144 4113 numero
1199 4025 1377 4087 etiam
1435 4024 1723 4088 Prodicus
1779 4031 1917 4087 ante
1975 4023 2306 4105 praelaram
2361 4024 2518 4091 itum

350 4131 654 4198 Welckeri
701 4134 1114 4196 defensionem
1162 4134 1454 4224 immerito
1494 4131 1924 4198 ascribebatur.

508 4240 629 4304 Sed
673 4247 859 4303 restat
899 4247 962 4302 ut
1005 4257 1371 4322 exponamus
1415 4240 1491 4301 de
1536 4239 1840 4319 sophistae
1884 4240 2138 4322 scriptis.
