2975 4959
1213 289 1306 301 ...
1412 260 1453 324 7
1561 289 1651 301 ,-

357 465 498 524 κτης
551 433 664 523 ἦν,
721 438 998 520 ἐντυχών
1039 440 1107 501 δὲ
1147 440 1517 525 Δημοκρίτῳ
1559 436 2039 523 ἐφιλοσόφησεν.
2083 476 2163 488 --
2207 447 2266 501 et
2315 440 2528 502 Athen.

356 551 456 612 lib.
507 549 650 612 Vlll.
699 567 826 628 cap.
876 548 973 609 13.
1013 567 1149 630 pag.
1194 549 1338 610 354.
1385 548 1466 609 C:
1530 547 1625 608 Ἐν
1670 548 1737 609 δὲ
1796 546 1870 629 τῇ
1931 543 2093 629 αὐτῇ
2147 545 2441 630 ἐπιστολῇ
2486 542 2522 602 ὅ

353 654 709 738 Ἐπίκουρος
748 659 858 717 καί
899 654 1339 738 Πρωταγόραν
1387 655 1550 738 φησί
1586 654 1688 717 τὸν
1729 651 2039 736 σοφιστήν
2087 654 2155 715 ἐκ
2198 647 2532 735 φορμοφό-

264 765 271 770 “
354 785 474 843 pov
516 764 628 825 καί
669 761 1028 846 ’ξυλοφόρου
1071 769 1308 843 πρῶτον
1348 766 1463 841 μὲν
1506 763 1800 844 γενέσθαι
1831 762 2080 842 γραφέα
2111 759 2528 841 Δημοκρίτου·

349 872 808 949 θαυμασθέντα
852 864 1058 931 6’1571'
1105 872 1338 932 ἐκείνου
1400 870 1508 932 ἐπι
1562 867 1765 946 ξύλων
1816 868 1999 934 τινῶν
2050 864 2181 954 ιδία
2236 867 2532 928 συνθέσει

349 976 472 1040 dno
524 976 755 1082 ταύτης
793 980 905 1056 τῆς
948 976 1153 1059 ἀοχῆς
1201 979 1651 1060 ἀναληφθῆναι
1692 975 1802 1042 ὑπ’,
1840 968 2039 1039 αυτοῦ
2078 999 2182 1035 και
2214 970 2532 1035 διδάσκειν

352 1109 421 1149 ὃν
464 1108 638 1169 &mun
685 1109 804 1146 rsstl
866 1110 1239 1165 γράμματα·
1317 1110 1409 1168 αφ
1472 1110 1561 1147 ων
1606 1110 1706 1147 ὀπί
1768 1108 1834 1148 το
1890 1079 2292 1165 σοφιστεύειν
2334 1075 2531 1164 061μῆ-

350 1216 480 1260 σαι.
571 1193 885 1270 Quomodo
936 1191 1092 1268 ξύλα
1162 1189 1430 1265 &lisweg
1490 1192 1714 1275 ὀφθείς
1774 1189 2159 1271 philosophus
2214 1188 2410 1252 factus
2454 1189 2530 1249 sit

340 1316 426 1359 ex
486 1297 732 1375 baiu10,
795 1298 1007 1362 Aulum
1077 1298 1321 1360 Gellium
1384 1299 1560 1361 Noct.
1609 1301 1727 1360 Att.
1773 1298 1873 1360 lib.
1919 1299 1985 1359 V.
2033 1316 2176 1382 cap„
2210 1299 2268 1363 3.
2332 1298 2528 1378 lepide

346 1412 687 1469 narrantem
736 1405 1078 1467 audiamus:
1125 1405 1568 1485 „Protagoram,
1620 1407 1806 1468 virum
1859 1407 1916 1466 in
1965 1404 2173 1467 studiis
2201 1406 2528 1466 doctrina-

349 1532 477 1579 rum
541 1515 893 1596 egregium,
956 1516 1123 1576 cuius
1180 1532 1397 1576 nomen
1446 1515 1606 1577 Plato
1654 1514 1807 1594 libro
1863 1533 1975 1577 suo
2032 1514 2110 1575 illi
2154 1514 2377 1576 incluto
2428 1515 2530 1575 in-

346 1623 624 1703 scripsit,
687 1615 1134 1686 adolescentem
1182 1625 1346 1687 aiunt
1401 1625 1593 1685 victus
1639 1626 1967 1705 quaerendi
2014 1627 2207 1706 gratia
2256 1625 2318 1685 in
2364 1641 2529 1684 mer-

344 1732 563 1794 cedem
628 1732 870 1796 missum
921 1738 1316 1812 vecturasque
1382 1749 1629 1795 onerum
1698 1750 1954 1812 corpore
2023 1751 2133 1795 suo
2200 1733 2528 1808 factitasse,

346 1841 507 1921 quod
562 1858 755 1921 genus
802 1841 1020 1903 Graeci
1087 1838 1500 1923 ἀχθοφόρους
1554 1849 1815 1922 vocant,
1878 1843 2061 1904 latine
2130 1840 2360 1903 baiulos
2420 1858 2530 1918 ap-

343 1950 648 2032 pellamus,
734 1949 790 2012 ls
837 1952 913 2013 de
956 1953 1229 2031 proximo
1269 1970 1408 2013 rure
1451 1940 1694 2013 Abdera
1740 1953 1800 2014 in
1843 1953 2154 2033 oppidum,
2196 1951 2363 2011 cuius
2407 1966 2527 2027 po·-
2598 2007 2604 2014 .

342 2058 563 2139 pularis
607 2056 756 2133 suit,
800 2058 1087 2118 caudices
1131 2055 1275 2136 ligni
1319 2058 1604 2136 plurimos
1647 2058 1908 2120 funiculo
1955 2060 2123 2119 brevi
2180 2055 2525 2118 circumda-

342 2172 438 2228 tos
481 2165 778 2247 portabat.
863 2164 1006 2224 Tum
1053 2163 1208 2225 forte
1253 2165 1627 2225 Democritus
1656 2210 1673 2239 ,
1720 2165 1978 2224 civitatis
2030 2161 2297 2223 eiusdem
2348 2161 2522 2237 civiS,

342 2273 521 2335 homo
569 2278 709 2335 ante
767 2270 921 2333 alios
971 2273 1204 2333 virtutis
1253 2279 1313 2334 et
1380 2272 1793 2351 philosophiae
1857 2271 2053 2352 gratia
2121 2265 2523 2343 veneranduS,

341 2399 473 2444 cum
521 2379 917 2460 egrederetur
972 2386 1141 2441 extra
1203 2382 1454 2457 urbem,
1525 2380 1687 2441 videt
1735 2398 1867 2441 eum
1941 2396 2072 2439 cum
2134 2376 2232 2438 illo
2292 2393 2522 2457 genere

345 2490 550 2552 oneris
607 2495 726 2549 tam
791 2489 1073 2568 impedito
1131 2508 1203 2552 ac
1262 2497 1379 2551 tam
1429 2489 1735 2552 incohibili
1798 2489 1975 2550 facile
2021 2494 2202 2567 atque
2245 2485 2521 2565 expedite

341 2597 744 2671 incedentem,
785 2602 845 2658 et
886 2613 1071 2676 prope
1112 2599 1373 2672 accedit,
1412 2605 1470 2660 et
1511 2599 1841 2662 iuncturam
1883 2597 2324 2676 posituramque
2371 2593 2520 2674 ligni

340 2704 845 2783 sciteperiteque
890 2702 1107 2764 factam
1145 2704 1531 2779 considerat,
1595 2704 1853 2783 petitque
1901 2709 1965 2762 ut
2004 2703 2255 2783 paullum
2302 2699 2521 2778 adqui-

336 2818 529 2876 escat.
619 2809 794 2885 Quod
833 2810 932 2876 ubi
978 2811 1361 2893 ProtagoraS,
1403 2813 1484 2873 uti
1525 2819 1655 2873 erat
1697 2814 1959 2892 petitum,
2002 2811 2144 2872 secit
2191 2815 2368 2888 atque
2412 2808 2516 2869 iti-

335 2925 470 2985 dem
539 2922 916 2984 Democritus
983 2938 1265 2985 acervum
1332 2921 1490 2984 illum
1561 2929 1621 2983 et
1689 2923 1859 3003 quasi
1921 2922 2126 2983 orbem
2196 2916 2508 2980 caudicum

332 3031 506 3093 brevi
566 3032 802 3094 vinculo
865 3030 1360 3109 comprehensum
1418 3033 1653 3094 ratione
1712 3031 1964 3111 quadam
2024 3029 2194 3110 quasi
2255 3044 2511 3114 geome-

330 3137 482 3198 trica
526 3135 729 3198 librari
770 3138 1185 3217 continerique
1227 3138 1499 3214 advertit,
1541 3139 1952 3219 interrogavit,
2004 3138 2134 3217 quis
2179 3135 2239 3196 id
2285 3134 2508 3215 lignum

328 3245 411 3306 ita
453 3244 928 3322 composuisset:
986 3249 1046 3304 et
1091 3261 1220 3304 cum
1276 3244 1372 3303 ille
1415 3263 1449 3306 a
1491 3262 1560 3306 se
1606 3245 1997 3324 compositum
2053 3244 2337 3318 dixisset,
2392 3241 2507 3302 de-

330 3350 621 3414 sideravit
664 3353 748 3414 uti
794 3350 1060 3413 solveret
1101 3368 1175 3415 ac
1221 3352 1418 3414 denuo
1462 3353 1524 3416 in
1572 3354 1811 3416 modum
1862 3354 2118 3426 eundem
2162 3349 2505 3418 collocaret.

329 3460 408 3522 At
446 3465 757 3539 postquam
807 3460 906 3522 ille
951 3460 1129 3523 solvit
1173 3478 1246 3521 ac
1286 3460 1556 3524 similiter
1600 3462 1970 3541 composuit,
2024 3468 2141 3522 tum
2186 3458 2505 3532 Democri-

327 3574 422 3631 tus
479 3567 657 3630 animi
704 3568 898 3630 aciem
956 3567 1400 3648 sollertiamque
1461 3569 1718 3631 hominis
1776 3587 1896 3631 non
1959 3568 2126 3639 docti
2178 3566 2504 3629 demiratus

330 3674 421 3737 Mi
450 3674 865 3753 adolescens,
907 3677 1129 3756 inquit,
1185 3693 1365 3754 quum
1418 3676 1717 3757 impervium
1755 3676 1903 3752 bene
1942 3675 2209 3756 faciendi
2249 3675 2531 3750 habeas„

327 3789 468 3846 sum
502 3783 742 3846 maiora
777 3783 1162 3862 melioraque,
1202 3802 1360 3863 quae
1397 3785 1607 3864 facere
1644 3802 1870 3846 mecum
1905 3783 2148 3861 possis3
2216 3784 2500 3859 abduxit-

326 3910 443 3973 que
498 3911 635 3956 eum
693 3894 891 3956 statim
952 3911 1274 3974 secumque
1338 3893 1542 3958 habuit
1605 3901 1664 3955 et
1719 3900 1969 3955 sumtum
2023 3894 2378 3968 ministravit
2436 3901 2497 3955 et

319 4000 728 4083 philosophias
753 4002 978 4076 docuit,
1019 4010 1079 4065 et
1105 4021 1244 4064 esse
1293 4021 1426 4066 eum
1469 4004 1624 4069 fecit.
1655 4010 1908 4083 quantus
1951 4010 2161 4084 postea
2204 4001 2365 4063 fuit«
2414 4037 2497 4063 ³-

323 4111 554 4185 Quibus
615 4128 695 4173 ex
752 4108 905 4170 locis
971 4109 1029 4171 id
1089 4109 1326 4189 quidem
1391 4107 1726 4170 manifesto
1771 4116 2053 4189 apparet,
2106 4106 2493 4186 Protagoram

321 4215 570 4297 ignobili
617 4220 678 4275 et
722 4215 982 4278 obscuro
1024 4214 1200 4291 1000,
1257 4213 1665 4278 Democritum
1710 4233 1856 4286 vero
1905 4215 2266 4298 amplissimo
2314 4222 2491 4296 atque

245 4308 267 4333 ⁴
323 4322 749 4390 honestissimo
806 4342 1035 4407 genere
1098 4332 1287 4390 ortum
1326 4323 1590 4402 =l1abit0s
1632 4342 1769 4388 esse
1829 4324 1904 4400 ab
1949 4325 2305 4405 scriptorum
2337 4322 2498 4404 'quos
