2975 4959
2195 291 2240 326 Ο

1183 335 1276 351 ““““·
1377 328 1461 369 VH
1567 335 1660 349 ⁶·-

332 489 645 562 Studien.
703 491 835 562 auf-
872 491 1040 564 dem
1096 493 1656 567 akademisehen
1684 496 2154 592 Gymnasium
2190 498 2265 567 in
2293 497 2512 568 flama-

333 613 520 710 burg
571 639 764 686 anno
825 619 1042 690 1832.
1105 642 1147 689 a
1199 616 1608 691 Christiano
1657 621 2069 691 Petersenio
2109 618 2298 690 'editi
2349 643 2508 716 pag.

341 740 462 810 88.
517 752 592 808 et
642 764 716 834 q.
761 764 969 838 seqq.
1020 741 1394 837 copiosam
1463 741 1560 813 de
1621 746 2013 840 Protagora
2066 740 2304 814 edidit
2361 741 2513 812 dis-

340 861 842 957 putationem,
895 888 1318 961 quanquam
1371 864 1595 937 nimia
1650 864 2018 936 iudicandi
2072 864 2512 940 confidentia

343 985 779 1081 amplaeque
849 985 1230 1060 doetrinae
1300 990 1542 1085 specie
1606 987 1920 1086 quadam
1974 1001 2047 1060 et
2095 989 2512 1084 magistrum

344 1132 562 1180 suum
611 1110 1107 1183 Petersenium
1161 1109 1334 1199 (vida
1390 1113 1686 1206 praefat.
1741 1135 1898 1207 pag.
1940 1107 2061 1179 ΧΠ
2088 1109 2390 1198 ...xlm
2444 1125 2516 1180 et

344 1228 746 1302 Amadeum
794 1231 1247 1304 ¹usendtium
1321 1233 1548 1323 (Gau.
1628 1236 1759 1330 gel.
1833 1239 2001 1304 Anz.
2061 1236 2275 1305 1833.
2345 1233 2510 1304 fasc.

342 1355 497 1442 88.)
546 1355 815 1449 fefellit,
866 1382 1333 1455 nequaquam
1380 1371 1628 1428 tamen
1673 1357 1917 1428 sefeuit
1936 1355 2515 1428 C.Fr.Hermau-—

343 1486 570 1570 num,
634 1479 765 1574 qai
815 1480 1384 1551 Zimmermanni
1449 1478 2014 1575 Ephemeridum
2083 1478 2518 1567 (Zeitsehrift
2579 1483 2586 1488 “

341 1600 454 1672 fur
503 1600 623 1674 die
676 1601 1637 1696 Alterthumswissenschait)
1690 1616 1869 1673 tom.
1924 1601 1975 1672 1.
2030 1626 2188 1698 pag.
2244 1603 2412 1674 363.
2444 1615 2518 1672 et

344 1751 418 1821 q.
466 1748 677 1821 seqq.
722 1725 986 1798 librum
1043 1727 1241 1798 iilum
1291 1729 1546 1797 merita
1599 1726 2165 1822 reprehensione
2217 1726 2515 1796 notavit.

348 1850 718 1922 Herbstius
768 1850 966 1921 enim
1020 1851 1498 1947 opinionibus
1550 1849 1685 1920 iuis
1728 1848 1821 1919 de
1870 1848 2358 1944 sophistarum
2387 1874 2523 1919 na-

352 1985 513 2043 tura
575 1974 1127 2070 praeoccupatis
1190 1973 1382 2044 adeo.
1450 1971 1834 2068 indulgens
1889 1970 1989 2044 ad
2051 1970 2518 2042 seribendum

349 2120 426 2165 se
474 2096 821 2190 contulit,
865 2110 948 2169 ut
999 2120 1186 2193 quae
1242 2098 1676 2192 Protagorae
1720 2095 2008 2166 crimini
2058 2093 2264 2168 daret
2301 2094 2519 2165 undi-

348 2243 496 2314 que
524 2218 988 2313 corraderet,
1042 2244 1284 2316 neque
1327 2220 1467 2289 ulla
1506 2244 1580 2289 re
1633 2219 1857 2316 magis
1904 2215 2250 2314 gauderet
2292 2237 2516 2312 quam

349 2344 407 2414 si
448 2343 824 2438 sophistae
862 2345 1141 2440 plagam
1186 2344 1524 2416 inflixisse
1576 2340 1961 2412 videretur.
2031 2338 2202 2430 Quo
2254 2340 2518 2412 factum

359 2479 507 2560 est,
574 2480 657 2537 ut
710 2468 875 2540 eius
937 2466 1032 2538 de
1103 2468 1498 2562 Protagora
1561 2465 1918 2536 sententia
1978 2443 2154 2535 ουιὴ
2193 2464 2521 2535 Philonis

356 2587 601 2662 ludaei
631 2603 785 2690 tota
815 2604 1270 2687 congrueret,
1321 2614 1364 2660 a
1394 2614 1543 2685 quo
1574 2593 1697 2669 τῆς
1724 2565 1912 2657 Ka'z'v
1951 2584 2299 2667 ἀπονοίας
2324 2565 2524 2679 ἔκγοὲ

353 2737 470 2794 νος
519 2713 637 2784 ille
688 2712 1013 2785 dicitur.·
1080 2712 1457 2784 Graviores
1510 2709 1810 2807 quidem
1853 2711 2165 2782 Herbstii
2217 2736 2520 2808 erroreS,

357 2851 438 2908 ut
504 2862 746 2933 neque
814 2836 1137 2933 iniquius
1203 2861 1443 2932 neque
1509 2832 1853 2906 temerius
1920 2859 2037 2905 me
2087 2836 2523 2930 vituperasse

357 2974 761 3056 appareret,
809 2985 942 3032 suo
995 2984 1370 3056 quemque
1418 2961 1584 3030 loco
1617 2959 2037 3058 perstrinxi:
2089 2983 2316 3055 quum
2349 2981 2521 3029 vero

283 3160 288 3165 ,
355 3084 536 3155 nihil
590 3082 736 3154 fere
786 3084 902 3176 sit,
952 3085 1028 3154 in
1079 3109 1231 3180 quo
1278 3106 1443 3154 cum
1499 3084 1622 3152 illo
1656 3105 1790 3154 nos
1815 3083 2226 3154 consentire
2254 3097 2521 3179 potue-

352 3208 601 3310 rimus⁷
637 3209 911 3304 singula
964 3231 1302 3303 quaeque
1337 3205 1602 3277 diserte
1657 3205 2080 3302 impugnare
2133 3229 2269 3277 nec
2313 3208 2520 3301 potui

355 3356 488 3402 nec
540 3332 757 3401 volui.
845 3330 1154 3424 Geistius
1205 3330 1527 3426 denique
1583 3333 1780 3418 (nam
1826 3328 1920 3399 de
1970 3329 2226 3400 ceteris
2277 3327 2520 3399 dicere

355 3455 694 3525 hocloco
740 3454 920 3534 nihi!
967 3455 1249 3541 attinet)
1307 3478 1496 3549 quae
1537 3453 1779 3524 libello
1822 3459 2039 3548 supra
2067 3451 2386 3524 indicato
2423 3449 2519 3523 de

356 3577 574 3650 natali
620 3578 1055 3672 Protagorae
1098 3577 1502 3673 mortisque
1551 3589 1886 3671 tempore
1929 3575 2177 3670 paucis
2226 3574 2522 3670 pagellis

357 3697 718 3795 disputat,
788 3710 1252 3795 nequaquam
1313 3714 1481 3771 sunt
1530 3701 1800 3796 inepta.
1899 3699 2154 3768 Totam
2206 3722 2375 3770 vero
2429 3695 2522 3768 de

357 3825 747 3918 Protagora
813 3822 1396 3918 disquisitionem
1469 3821 1698 3914 suam'
1732 3824 1809 3892 in
1870 3823 2104 3892 lucem
2155 3819 2521 3892 editurum
2593 3867 2599 3874 ·

359 3969 436 4015 se
487 3947 821 4040 promisit
864 3944 1168 4041 quidem
1200 3985 1235 4039 ,ι
1292 3945 1471 4039 sed,
1541 3959 1894 4041 quantum
1945 3942 2288 4040 equidem
2345 3945 2523 4037 scic,

360 4069 718 4163 promisso
783 4094 934 4140 nou
1006 4070 1224 4140 stetit.
1326 4071 1573 4164 Quare
1642 4065 1847 4164 quod
1902 4091 2339 4163 magnopere
2403 4066 2521 4135 isse

362 4190 763 4287 optandum
840 4192 1117 4265 dixerat
1179 4217 1344 4264 cum
1426 4195 1855 4288 Protagorae
1940 4188 2264 4261 nondum
2343 4214 2522 4260 con·-

358 4314 678 4409 tigisset,
774 4316 908 4385 hac
987 4313 1353 4386 scribendi
1440 4315 1982 4411 opportunitate
2057 4312 2296 4382 oblata
2388 4335 2518 4404 ego
