<?xml version="1.0" encoding="UTF-8"?>
<!DOCTYPE html PUBLIC "-//W3C//DTD XHTML 1.0 Transitional//EN"
    "http://www.w3.org/TR/xhtml1/DTD/xhtml1-transitional.dtd">
<html xmlns="http://www.w3.org/1999/xhtml" xml:lang="en" lang="en">
 <head>
  <title>
</title>
<meta http-equiv="Content-Type" content="text/html;charset=utf-8" />
  <meta name='ocr-system' content='tesseract 3.04.00' />
  <meta name='ocr-capabilities' content='ocr_page ocr_carea ocr_par ocr_line ocrx_word'/>
</head>
<body>
  <div class='ocr_page' id='page_1' title='image "./quaestionesprot00freigoog_0063.png"; bbox 0 0 2975 4959; ppageno 0'>
   <div class='ocr_carea' id='block_1_1' title="bbox 1131 312 1618 378">
    <p class='ocr_par' dir='ltr' id='par_1_1' title="bbox 1131 312 1618 378">
     <span class='ocr_line' id='line_1_1' title="bbox 1131 312 1618 378; baseline 0.008 -23"><span class='ocrx_word' id='word_1_1' title='bbox 1131 312 1618 378; x_wconf 68' lang='lat'>...51-</span> 
     </span>
    </p>
   </div>
   <div class='ocr_carea' id='block_1_2' title="bbox 288 475 2466 1435">
    <p class='ocr_par' dir='ltr' id='par_1_2' title="bbox 288 475 2466 1435">
     <span class='ocr_line' id='line_1_2' title="bbox 291 475 2460 578; baseline 0.001 -25"><span class='ocrx_word' id='word_1_2' title='bbox 291 488 717 572; x_wconf 73' lang='grc' dir='ltr'><em>ὄμολογοῦντα</em></span> <span class='ocrx_word' id='word_1_3' title='bbox 756 490 1032 566; x_wconf 62' lang='grc' dir='ltr'><strong><em>καταδύς</em></strong></span> <span class='ocrx_word' id='word_1_4' title='bbox 1075 484 1154 553; x_wconf 63' lang='grc' dir='ltr'>ἂν</span> <span class='ocrx_word' id='word_1_5' title='bbox 1198 488 1434 570; x_wconf 81' lang='grc' dir='ltr'><em>οἴχοιτο</em></span> <span class='ocrx_word' id='word_1_6' title='bbox 1476 488 1858 571; x_wconf 72' lang='grc' dir='ltr'>ἀποτρέχων.</span> <span class='ocrx_word' id='word_1_7' title='bbox 1919 475 2170 566; x_wconf 68' lang='lat' dir='ltr'>‘Quibus</span> <span class='ocrx_word' id='word_1_8' title='bbox 2200 510 2278 555; x_wconf 79' lang='lat' dir='ltr'>ex</span> <span class='ocrx_word' id='word_1_9' title='bbox 2313 508 2460 578; x_wconf 74' lang='lat' dir='ltr'>ver-‘-</span> 
     </span>
     <span class='ocr_line' id='line_1_3' title="bbox 288 586 2459 681; baseline 0.002 -21"><span class='ocrx_word' id='word_1_10' title='bbox 288 599 384 661; x_wconf 79' lang='lat' dir='ltr'>bis</span> <span class='ocrx_word' id='word_1_11' title='bbox 421 617 599 679; x_wconf 88' lang='lat' dir='ltr'>quum</span> <span class='ocrx_word' id='word_1_12' title='bbox 645 598 1085 679; x_wconf 86' lang='lat' dir='ltr'>quodammodo</span> <span class='ocrx_word' id='word_1_13' title='bbox 1137 586 1595 661; x_wconf 86' lang='lat' dir='ltr'>demonstrandi</span> <span class='ocrx_word' id='word_1_14' title='bbox 1632 599 1769 672; x_wconf 91' lang='lat' dir='ltr'>vim,</span> <span class='ocrx_word' id='word_1_15' title='bbox 1812 616 1964 679; x_wconf 90' lang='lat' dir='ltr'>quae</span> <span class='ocrx_word' id='word_1_16' title='bbox 2011 601 2071 664; x_wconf 90' lang='lat' dir='ltr'>in</span> <span class='ocrx_word' id='word_1_17' title='bbox 2114 601 2247 664; x_wconf 86' lang='lat' dir='ltr'>sillo</span> <span class='ocrx_word' id='word_1_18' title='bbox 2295 603 2459 681; x_wconf 88' lang='lat' dir='ltr'>insit,</span> 
     </span>
     <span class='ocr_line' id='line_1_4' title="bbox 288 701 2463 786; baseline 0.002 -18"><span class='ocrx_word' id='word_1_19' title='bbox 288 707 675 786; x_wconf 80' lang='lat' dir='ltr'>repetendam</span> <span class='ocrx_word' id='word_1_20' title='bbox 723 723 861 769; x_wconf 91' lang='lat' dir='ltr'>esse</span> <span class='ocrx_word' id='word_1_21' title='bbox 907 708 1110 782; x_wconf 89' lang='lat' dir='ltr'>dicat,</span> <span class='ocrx_word' id='word_1_22' title='bbox 1152 714 1216 771; x_wconf 89' lang='lat' dir='ltr'>ut</span> <span class='ocrx_word' id='word_1_23' title='bbox 1251 707 1516 769; x_wconf 85' lang='lat' dir='ltr'>Timonis</span> <span class='ocrx_word' id='word_1_24' title='bbox 1564 707 1781 770; x_wconf 89' lang='lat' dir='ltr'>dictum</span> <span class='ocrx_word' id='word_1_25' title='bbox 1830 712 2069 774; x_wconf 90' lang='lat' dir='ltr'>nonnisi</span> <span class='ocrx_word' id='word_1_26' title='bbox 2110 701 2230 773; x_wconf 74' lang='lat' dir='ltr'>illis</span> <span class='ocrx_word' id='word_1_27' title='bbox 2272 730 2463 773; x_wconf 90' lang='lat' dir='ltr'>acce-</span> 
     </span>
     <span class='ocr_line' id='line_1_5' title="bbox 291 813 2460 899; baseline 0.003 -24"><span class='ocrx_word' id='word_1_28' title='bbox 291 813 567 875; x_wconf 79' lang='lat' dir='ltr'><strong>dentibus</strong></span> <span class='ocrx_word' id='word_1_29' title='bbox 612 818 942 895; x_wconf 90' lang='lat' dir='ltr'>argumenti</span> <span class='ocrx_word' id='word_1_30' title='bbox 972 816 1205 897; x_wconf 91' lang='lat' dir='ltr'>pondus</span> <span class='ocrx_word' id='word_1_31' title='bbox 1246 816 1486 894; x_wconf 83' lang='lat' dir='ltr'>habeat,</span> <span class='ocrx_word' id='word_1_32' title='bbox 1528 818 1643 879; x_wconf 92' lang='lat' dir='ltr'>iam</span> <span class='ocrx_word' id='word_1_33' title='bbox 1670 817 1801 879; x_wconf 90' lang='lat' dir='ltr'>sillo</span> <span class='ocrx_word' id='word_1_34' title='bbox 1828 819 1889 879; x_wconf 91' lang='lat' dir='ltr'>in</span> <span class='ocrx_word' id='word_1_35' title='bbox 1914 837 2205 899; x_wconf 88' lang='lat' dir='ltr'>praesens</span> <span class='ocrx_word' id='word_1_36' title='bbox 2236 821 2460 881; x_wconf 92' lang='lat' dir='ltr'>omisso</span> 
     </span>
     <span class='ocr_line' id='line_1_6' title="bbox 293 913 2460 1003; baseline 0.002 -20"><span class='ocrx_word' id='word_1_37' title='bbox 293 922 555 984; x_wconf 80' lang='lat' dir='ltr'><strong>Platonis</strong></span> <span class='ocrx_word' id='word_1_38' title='bbox 618 922 756 983; x_wconf 91' lang='lat' dir='ltr'>loco</span> <span class='ocrx_word' id='word_1_39' title='bbox 828 929 1197 1003; x_wconf 78' lang='lat' dir='ltr'>quantopere</span> <span class='ocrx_word' id='word_1_40' title='bbox 1259 922 1520 985; x_wconf 88' lang='lat' dir='ltr'>Herbstii</span> <span class='ocrx_word' id='word_1_41' title='bbox 1590 941 1773 985; x_wconf 88' lang='lat' dir='ltr'>causa</span> <span class='ocrx_word' id='word_1_42' title='bbox 1832 926 2067 989; x_wconf 83' lang='lat' dir='ltr'>iuvetur</span> <span class='ocrx_word' id='word_1_43' title='bbox 2130 913 2460 988; x_wconf 83' lang='lat' dir='ltr'>videamus.</span> 
     </span>
     <span class='ocr_line' id='line_1_7' title="bbox 293 1024 2461 1111; baseline 0.002 -20"><span class='ocrx_word' id='word_1_44' title='bbox 293 1028 491 1091; x_wconf 86' lang='lat' dir='ltr'>Verba</span> <span class='ocrx_word' id='word_1_45' title='bbox 548 1024 780 1108; x_wconf 79' lang='grc' dir='ltr'><em>οἴχοιτο</em></span> <span class='ocrx_word' id='word_1_46' title='bbox 847 1029 1215 1110; x_wconf 71' lang='grc' dir='ltr'><em>ἀποτρέχων</em></span> <span class='ocrx_word' id='word_1_47' title='bbox 1273 1032 1472 1111; x_wconf 89' lang='lat' dir='ltr'>inepte</span> <span class='ocrx_word' id='word_1_48' title='bbox 1517 1034 1711 1111; x_wconf 90' lang='lat' dir='ltr'>posita</span> <span class='ocrx_word' id='word_1_49' title='bbox 1776 1050 1914 1095; x_wconf 89' lang='lat' dir='ltr'>csse</span> <span class='ocrx_word' id='word_1_50' title='bbox 1973 1036 2055 1096; x_wconf 90' lang='lat' dir='ltr'>ait</span> <span class='ocrx_word' id='word_1_51' title='bbox 2116 1035 2233 1095; x_wconf 88' lang='lat' dir='ltr'>nisi</span> <span class='ocrx_word' id='word_1_52' title='bbox 2296 1033 2461 1095; x_wconf 91' lang='lat' dir='ltr'>Plato</span> 
     </span>
     <span class='ocr_line' id='line_1_8' title="bbox 295 1135 2464 1223; baseline 0.003 -26"><span class='ocrx_word' id='word_1_53' title='bbox 295 1138 470 1199; x_wconf 87' lang='lat' dir='ltr'>aliam</span> <span class='ocrx_word' id='word_1_54' title='bbox 517 1135 810 1215; x_wconf 91' lang='lat' dir='ltr'>quandam</span> <span class='ocrx_word' id='word_1_55' title='bbox 853 1156 977 1198; x_wconf 87' lang='lat' dir='ltr'>rem</span> <span class='ocrx_word' id='word_1_56' title='bbox 1026 1138 1332 1200; x_wconf 87' lang='lat' dir='ltr'>cavillatus</span> <span class='ocrx_word' id='word_1_57' title='bbox 1378 1140 1488 1215; x_wconf 90' lang='lat' dir='ltr'>sit,</span> <span class='ocrx_word' id='word_1_58' title='bbox 1549 1139 1751 1222; x_wconf 90' lang='lat' dir='ltr'>fugam</span> <span class='ocrx_word' id='word_1_59' title='bbox 1794 1141 2197 1220; x_wconf 83' lang='lat' dir='ltr'>Protagorae,</span> <span class='ocrx_word' id='word_1_60' title='bbox 2259 1142 2464 1223; x_wconf 88' lang='lat' dir='ltr'>ignavi</span> 
     </span>
     <span class='ocr_line' id='line_1_9' title="bbox 290 1245 2466 1329; baseline 0.002 -22"><span class='ocrx_word' id='word_1_61' title='bbox 290 1246 345 1306; x_wconf 88' lang='lat' dir='ltr'>si</span> <span class='ocrx_word' id='word_1_62' title='bbox 391 1264 522 1307; x_wconf 88' lang='lat' dir='ltr'>cum</span> <span class='ocrx_word' id='word_1_63' title='bbox 564 1247 815 1306; x_wconf 84' lang='lat' dir='ltr'>Socrate</span> <span class='ocrx_word' id='word_1_64' title='bbox 862 1245 1225 1323; x_wconf 80' lang='lat' dir='ltr'>conseratur,</span> <span class='ocrx_word' id='word_1_65' title='bbox 1273 1247 1371 1327; x_wconf 89' lang='lat' dir='ltr'>qui</span> <span class='ocrx_word' id='word_1_66' title='bbox 1416 1246 1557 1308; x_wconf 86' lang='lat' dir='ltr'>forti</span> <span class='ocrx_word' id='word_1_67' title='bbox 1610 1249 1808 1308; x_wconf 89' lang='lat' dir='ltr'>animo</span> <span class='ocrx_word' id='word_1_68' title='bbox 1855 1254 2105 1309; x_wconf 89' lang='lat' dir='ltr'>mortem</span> <span class='ocrx_word' id='word_1_69' title='bbox 2149 1250 2466 1329; x_wconf 89' lang='lat' dir='ltr'>oppetierit</span> 
     </span>
     <span class='ocr_line' id='line_1_10' title="bbox 294 1351 2465 1435; baseline 0.001 -20"><span class='ocrx_word' id='word_1_70' title='bbox 294 1354 492 1415; x_wconf 88' lang='lat' dir='ltr'>omnia</span> <span class='ocrx_word' id='word_1_71' title='bbox 539 1352 854 1432; x_wconf 85' lang='lat' dir='ltr'>expeditae</span> <span class='ocrx_word' id='word_1_72' title='bbox 913 1352 1094 1434; x_wconf 89' lang='lat' dir='ltr'>fugae</span> <span class='ocrx_word' id='word_1_73' title='bbox 1141 1354 1481 1416; x_wconf 91' lang='lat' dir='ltr'>adiumenta</span> <span class='ocrx_word' id='word_1_74' title='bbox 1528 1361 1900 1435; x_wconf 88' lang='lat' dir='ltr'>aspernatus.</span> <span class='ocrx_word' id='word_1_75' title='bbox 1982 1351 2283 1418; x_wconf 76' lang='lat' dir='ltr'>Hactenus</span> <span class='ocrx_word' id='word_1_76' title='bbox 2331 1375 2465 1418; x_wconf 91' lang='lat' dir='ltr'>cum</span> 
     </span>
    </p>
   </div>
   <div class='ocr_carea' id='block_1_3' title="bbox 197 1461 2463 1544">
    <p class='ocr_par' dir='ltr' id='par_1_3' title="bbox 197 1461 2463 1544">
     <span class='ocr_line' id='line_1_11' title="bbox 197 1461 2463 1544; baseline 0.001 -21"><span class='ocrx_word' id='word_1_77' title='bbox 197 1470 202 1474; x_wconf 88' lang='grc'><strong>’</strong></span> <span class='ocrx_word' id='word_1_78' title='bbox 292 1461 571 1523; x_wconf 84' lang='lat' dir='ltr'>Herbstio</span> <span class='ocrx_word' id='word_1_79' title='bbox 615 1462 959 1522; x_wconf 90' lang='lat' dir='ltr'>consentire</span> <span class='ocrx_word' id='word_1_80' title='bbox 997 1477 1277 1540; x_wconf 86' lang='lat' dir='ltr'>possum:</span> <span class='ocrx_word' id='word_1_81' title='bbox 1337 1461 1443 1523; x_wconf 90' lang='lat' dir='ltr'>sed</span> <span class='ocrx_word' id='word_1_82' title='bbox 1486 1461 1635 1523; x_wconf 87' lang='lat' dir='ltr'>ultra</span> <span class='ocrx_word' id='word_1_83' title='bbox 1678 1464 1960 1544; x_wconf 82' lang='lat' dir='ltr'>progredi</span> <span class='ocrx_word' id='word_1_84' title='bbox 2006 1481 2126 1525; x_wconf 90' lang='lat' dir='ltr'>non</span> <span class='ocrx_word' id='word_1_85' title='bbox 2176 1463 2463 1526; x_wconf 72' lang='lat' dir='ltr'>debebate</span> 
     </span>
    </p>
   </div>
   <div class='ocr_carea' id='block_1_4' title="bbox 253 1568 2534 4454">
    <p class='ocr_par' dir='ltr' id='par_1_4' title="bbox 253 1568 2534 4454">
     <span class='ocr_line' id='line_1_12' title="bbox 253 1568 2464 1654; baseline 0 -22"><span class='ocrx_word' id='word_1_86' title='bbox 253 1571 411 1654; x_wconf 51' lang='lat' dir='ltr'>,iam</span> <span class='ocrx_word' id='word_1_87' title='bbox 476 1572 633 1631; x_wconf 88' lang='lat' dir='ltr'>enim</span> <span class='ocrx_word' id='word_1_88' title='bbox 697 1568 868 1631; x_wconf 88' lang='lat' dir='ltr'>locus</span> <span class='ocrx_word' id='word_1_89' title='bbox 929 1587 1098 1631; x_wconf 90' lang='lat' dir='ltr'>suam</span> <span class='ocrx_word' id='word_1_90' title='bbox 1156 1568 1337 1631; x_wconf 85' lang='lat' dir='ltr'>habet</span> <span class='ocrx_word' id='word_1_91' title='bbox 1394 1570 1874 1649; x_wconf 79' lang='lat' dir='ltr'>explicationem.</span> <span class='ocrx_word' id='word_1_92' title='bbox 1960 1571 2038 1633; x_wconf 89' lang='lat' dir='ltr'>At</span> <span class='ocrx_word' id='word_1_93' title='bbox 2094 1571 2195 1633; x_wconf 89' lang='lat' dir='ltr'>hic</span> <span class='ocrx_word' id='word_1_94' title='bbox 2249 1571 2464 1653; x_wconf 91' lang='lat' dir='ltr'>pedem</span> 
     </span>
     <span class='ocr_line' id='line_1_13' title="bbox 293 1676 2463 1760; baseline 0.001 -20"><span class='ocrx_word' id='word_1_95' title='bbox 293 1680 512 1741; x_wconf 85' lang='lat' dir='ltr'>sistere</span> <span class='ocrx_word' id='word_1_96' title='bbox 551 1676 691 1740; x_wconf 92' lang='lat' dir='ltr'>ideo</span> <span class='ocrx_word' id='word_1_97' title='bbox 728 1694 849 1739; x_wconf 89' lang='lat' dir='ltr'>non</span> <span class='ocrx_word' id='word_1_98' title='bbox 899 1677 1061 1739; x_wconf 91' lang='lat' dir='ltr'>licuit</span> <span class='ocrx_word' id='word_1_99' title='bbox 1100 1676 1401 1755; x_wconf 87' lang='lat' dir='ltr'>Herbstio,</span> <span class='ocrx_word' id='word_1_100' title='bbox 1444 1679 1581 1757; x_wconf 88' lang='lat' dir='ltr'>quia</span> <span class='ocrx_word' id='word_1_101' title='bbox 1625 1679 1677 1740; x_wconf 92' lang='lat' dir='ltr'>is</span> <span class='ocrx_word' id='word_1_102' title='bbox 1720 1685 1814 1740; x_wconf 89' lang='lat' dir='ltr'>est</span> <span class='ocrx_word' id='word_1_103' title='bbox 1856 1677 2045 1758; x_wconf 87' lang='lat' dir='ltr'>locus,</span> <span class='ocrx_word' id='word_1_104' title='bbox 2087 1696 2229 1760; x_wconf 84' lang='lat' dir='ltr'>quo,</span> <span class='ocrx_word' id='word_1_105' title='bbox 2274 1686 2338 1741; x_wconf 89' lang='lat' dir='ltr'>ut</span> <span class='ocrx_word' id='word_1_106' title='bbox 2383 1680 2463 1743; x_wconf 87' lang='lat' dir='ltr'>ita</span> 
     </span>
     <span class='ocr_line' id='line_1_14' title="bbox 293 1784 2467 1863; baseline 0 -14"><span class='ocrx_word' id='word_1_107' title='bbox 293 1786 526 1863; x_wconf 89' lang='lat' dir='ltr'>dicam,</span> <span class='ocrx_word' id='word_1_108' title='bbox 590 1791 714 1847; x_wconf 91' lang='lat' dir='ltr'>tota</span> <span class='ocrx_word' id='word_1_109' title='bbox 765 1786 893 1845; x_wconf 82' lang='lat' dir='ltr'>eiu‘s</span> <span class='ocrx_word' id='word_1_110' title='bbox 935 1784 1011 1845; x_wconf 90' lang='lat' dir='ltr'>de</span> <span class='ocrx_word' id='word_1_111' title='bbox 1052 1785 1261 1846; x_wconf 90' lang='lat' dir='ltr'>mortis</span> <span class='ocrx_word' id='word_1_112' title='bbox 1307 1801 1466 1846; x_wconf 92' lang='lat' dir='ltr'>anno</span> <span class='ocrx_word' id='word_1_113' title='bbox 1508 1785 1802 1846; x_wconf 87' lang='lat' dir='ltr'>sententia</span> <span class='ocrx_word' id='word_1_114' title='bbox 1846 1786 2066 1847; x_wconf 80' lang='lat' dir='ltr'>nititur.</span> <span class='ocrx_word' id='word_1_115' title='bbox 2155 1786 2341 1859; x_wconf 83' lang='lat' dir='ltr'>Quam</span> <span class='ocrx_word' id='word_1_116' title='bbox 2388 1786 2467 1851; x_wconf 88' lang='lat' dir='ltr'>ad</span> 
     </span>
     <span class='ocr_line' id='line_1_15' title="bbox 292 1891 2468 1988; baseline -0.003 -30"><span class='ocrx_word' id='word_1_117' title='bbox 292 1894 758 1988; x_wconf 81' lang='lat' dir='ltr'>confirmandam</span> <span class='ocrx_word' id='word_1_118' title='bbox 804 1910 937 1954; x_wconf 92' lang='lat' dir='ltr'>cum</span> <span class='ocrx_word' id='word_1_119' title='bbox 997 1894 1059 1952; x_wconf 91' lang='lat' dir='ltr'>in</span> <span class='ocrx_word' id='word_1_120' title='bbox 1107 1891 1373 1971; x_wconf 87' lang='lat' dir='ltr'>simplice</span> <span class='ocrx_word' id='word_1_121' title='bbox 1420 1892 1519 1953; x_wconf 91' lang='lat' dir='ltr'>illa</span> <span class='ocrx_word' id='word_1_122' title='bbox 1562 1892 1959 1971; x_wconf 81' lang='lat' dir='ltr'>explicatione</span> <span class='ocrx_word' id='word_1_123' title='bbox 2001 1892 2143 1954; x_wconf 89' lang='lat' dir='ltr'>nihil</span> <span class='ocrx_word' id='word_1_124' title='bbox 2188 1895 2468 1956; x_wconf 77' lang='lat' dir='ltr'>invenia-</span> 
     </span>
     <span class='ocr_line' id='line_1_16' title="bbox 291 2001 2467 2083; baseline 0 -16"><span class='ocrx_word' id='word_1_125' title='bbox 291 2009 423 2082; x_wconf 89' lang='lat' dir='ltr'>tur,</span> <span class='ocrx_word' id='word_1_126' title='bbox 470 2004 645 2065; x_wconf 90' lang='lat' dir='ltr'>etiam</span> <span class='ocrx_word' id='word_1_127' title='bbox 691 2004 832 2065; x_wconf 87' lang='lat' dir='ltr'>novi</span> <span class='ocrx_word' id='word_1_128' title='bbox 876 2001 1094 2083; x_wconf 88' lang='lat' dir='ltr'>aliquid</span> <span class='ocrx_word' id='word_1_129' title='bbox 1139 2001 1462 2064; x_wconf 86' lang='lat' dir='ltr'>accederet</span> <span class='ocrx_word' id='word_1_130' title='bbox 1501 2020 1757 2065; x_wconf 91' lang='lat' dir='ltr'>necesse</span> <span class='ocrx_word' id='word_1_131' title='bbox 1791 2008 1940 2065; x_wconf 88' lang='lat' dir='ltr'>erat.</span> <span class='ocrx_word' id='word_1_132' title='bbox 2024 2003 2467 2068; x_wconf 89' lang='lat' dir='ltr'>Pulcheriorem</span> 
     </span>
     <span class='ocr_line' id='line_1_17' title="bbox 289 2111 2472 2191; baseline -0 -17"><span class='ocrx_word' id='word_1_133' title='bbox 289 2112 525 2175; x_wconf 84' lang='lat' dir='ltr'>scilicet</span> <span class='ocrx_word' id='word_1_134' title='bbox 566 2128 702 2173; x_wconf 91' lang='lat' dir='ltr'>esse</span> <span class='ocrx_word' id='word_1_135' title='bbox 764 2111 884 2173; x_wconf 93' lang='lat' dir='ltr'>loci</span> <span class='ocrx_word' id='word_1_136' title='bbox 933 2111 1287 2172; x_wconf 88' lang='lat' dir='ltr'>sententiam</span> <span class='ocrx_word' id='word_1_137' title='bbox 1332 2111 1741 2190; x_wconf 85' lang='lat' dir='ltr'>aptioremque</span> <span class='ocrx_word' id='word_1_138' title='bbox 1805 2112 2307 2191; x_wconf 86' lang='lat' dir='ltr'>comparationem</span> <span class='ocrx_word' id='word_1_139' title='bbox 2336 2155 2354 2186; x_wconf 91' lang='lat'>‚</span> <span class='ocrx_word' id='word_1_140' title='bbox 2414 2112 2472 2174; x_wconf 83' lang='lat' dir='ltr'>si</span> 
     </span>
     <span class='ocr_line' id='line_1_18' title="bbox 291 2216 2466 2300; baseline 0 -18"><span class='ocrx_word' id='word_1_141' title='bbox 291 2226 540 2300; x_wconf 89' lang='lat' dir='ltr'>uterque</span> <span class='ocrx_word' id='word_1_142' title='bbox 601 2219 815 2281; x_wconf 91' lang='lat' dir='ltr'>eodem</span> <span class='ocrx_word' id='word_1_143' title='bbox 876 2226 1143 2297; x_wconf 89' lang='lat' dir='ltr'>tempore</span> <span class='ocrx_word' id='word_1_144' title='bbox 1188 2218 1285 2279; x_wconf 86' lang='lat' dir='ltr'>vel</span> <span class='ocrx_word' id='word_1_145' title='bbox 1341 2219 1704 2298; x_wconf 76' lang='lat' dir='ltr'>Protagoras</span> <span class='ocrx_word' id='word_1_146' title='bbox 1751 2216 1948 2298; x_wconf 88' lang='lat' dir='ltr'>paullo</span> <span class='ocrx_word' id='word_1_147' title='bbox 2002 2224 2138 2298; x_wconf 89' lang='lat' dir='ltr'>post</span> <span class='ocrx_word' id='word_1_148' title='bbox 2196 2225 2466 2282; x_wconf 86' lang='lat' dir='ltr'>mortuus</span> 
     </span>
     <span class='ocr_line' id='line_1_19' title="bbox 290 2315 2467 2406; baseline -0.003 -14"><span class='ocrx_word' id='word_1_149' title='bbox 290 2329 389 2397; x_wconf 88' lang='lat' dir='ltr'>sit.</span> <span class='ocrx_word' id='word_1_150' title='bbox 471 2327 709 2389; x_wconf 85' lang='lat' dir='ltr'>Minime</span> <span class='ocrx_word' id='word_1_151' title='bbox 753 2324 993 2406; x_wconf 90' lang='lat' dir='ltr'>quidem</span> <span class='ocrx_word' id='word_1_152' title='bbox 1035 2341 1104 2385; x_wconf 93' lang='lat' dir='ltr'>se</span> <span class='ocrx_word' id='word_1_153' title='bbox 1144 2340 1409 2403; x_wconf 88' lang='lat' dir='ltr'>negare,</span> <span class='ocrx_word' id='word_1_154' title='bbox 1465 2324 1642 2384; x_wconf 87' lang='lat' dir='ltr'>etiam</span> <span class='ocrx_word' id='word_1_155' title='bbox 1696 2341 1773 2384; x_wconf 88' lang='lat' dir='ltr'>ex</span> <span class='ocrx_word' id='word_1_156' title='bbox 1811 2324 2015 2403; x_wconf 90' lang='lat' dir='ltr'>priore</span> <span class='ocrx_word' id='word_1_157' title='bbox 2057 2315 2154 2385; x_wconf 83' lang='lat' dir='ltr'>illa</span> <span class='ocrx_word' id='word_1_158' title='bbox 2194 2323 2467 2403; x_wconf 82' lang='lat' dir='ltr'>explica-</span> 
     </span>
     <span class='ocr_line' id='line_1_20' title="bbox 292 2427 2463 2511; baseline -0.001 -13"><span class='ocrx_word' id='word_1_159' title='bbox 292 2438 456 2499; x_wconf 91' lang='lat' dir='ltr'>tione</span> <span class='ocrx_word' id='word_1_160' title='bbox 497 2436 776 2497; x_wconf 89' lang='lat' dir='ltr'>idoneam</span> <span class='ocrx_word' id='word_1_161' title='bbox 822 2450 960 2495; x_wconf 91' lang='lat' dir='ltr'>esse</span> <span class='ocrx_word' id='word_1_162' title='bbox 1011 2431 1329 2493; x_wconf 87' lang='lat' dir='ltr'>verborum</span> <span class='ocrx_word' id='word_1_163' title='bbox 1375 2427 1615 2511; x_wconf 81' lang='grc' dir='ltr'><em>οἴχοιτο</em></span> <span class='ocrx_word' id='word_1_164' title='bbox 1655 2430 2020 2510; x_wconf 74' lang='grc' dir='ltr'><em>ἀποτρέχων</em></span> <span class='ocrx_word' id='word_1_165' title='bbox 2068 2431 2463 2496; x_wconf 82' lang='lat' dir='ltr'>sententiam:</span> 
     </span>
     <span class='ocr_line' id='line_1_21' title="bbox 288 2537 2464 2622; baseline -0.001 -15"><span class='ocrx_word' id='word_1_166' title='bbox 288 2545 399 2608; x_wconf 88' lang='lat' dir='ltr'>sed</span> <span class='ocrx_word' id='word_1_167' title='bbox 450 2543 644 2619; x_wconf 85' lang='lat' dir='ltr'>hanc,</span> <span class='ocrx_word' id='word_1_168' title='bbox 704 2560 877 2622; x_wconf 89' lang='lat' dir='ltr'>quam</span> <span class='ocrx_word' id='word_1_169' title='bbox 932 2540 1062 2621; x_wconf 90' lang='lat' dir='ltr'>ipse</span> <span class='ocrx_word' id='word_1_170' title='bbox 1114 2544 1452 2619; x_wconf 80' lang='lat' dir='ltr'>proponat,</span> <span class='ocrx_word' id='word_1_171' title='bbox 1522 2537 1706 2599; x_wconf 89' lang='lat' dir='ltr'>multo</span> <span class='ocrx_word' id='word_1_172' title='bbox 1767 2553 1907 2599; x_wconf 90' lang='lat' dir='ltr'>esse</span> <span class='ocrx_word' id='word_1_173' title='bbox 1973 2538 2464 2605; x_wconf 86' lang='lat' dir='ltr'>commodiorem.</span> 
     </span>
     <span class='ocr_line' id='line_1_22' title="bbox 293 2645 2464 2732; baseline -0.001 -17"><span class='ocrx_word' id='word_1_174' title='bbox 293 2653 467 2727; x_wconf 85' lang='lat' dir='ltr'>Quod</span> <span class='ocrx_word' id='word_1_175' title='bbox 525 2669 698 2732; x_wconf 89' lang='lat' dir='ltr'>quam</span> <span class='ocrx_word' id='word_1_176' title='bbox 757 2651 834 2712; x_wconf 88' lang='lat' dir='ltr'>sit</span> <span class='ocrx_word' id='word_1_177' title='bbox 879 2648 1316 2730; x_wconf 86' lang='lat' dir='ltr'>argutissimum</span> <span class='ocrx_word' id='word_1_178' title='bbox 1380 2647 1512 2725; x_wconf 89' lang='lat' dir='ltr'>quis</span> <span class='ocrx_word' id='word_1_179' title='bbox 1568 2651 1662 2706; x_wconf 85' lang='lat' dir='ltr'>est</span> <span class='ocrx_word' id='word_1_180' title='bbox 1714 2647 1855 2724; x_wconf 90' lang='lat' dir='ltr'>quin</span> <span class='ocrx_word' id='word_1_181' title='bbox 1916 2645 2175 2709; x_wconf 74' lang='lat' dir='ltr'>videat?</span> <span class='ocrx_word' id='word_1_182' title='bbox 2258 2648 2321 2712; x_wconf 88' lang='lat' dir='ltr'>Si</span> <span class='ocrx_word' id='word_1_183' title='bbox 2383 2647 2464 2712; x_wconf 87' lang='lat' dir='ltr'>ad</span> 
     </span>
     <span class='ocr_line' id='line_1_23' title="bbox 294 2752 2466 2838; baseline -0.001 -18"><span class='ocrx_word' id='word_1_184' title='bbox 294 2755 526 2838; x_wconf 79' lang='grc' dir='ltr'><em>οἴχοιτο</em></span> <span class='ocrx_word' id='word_1_185' title='bbox 593 2755 956 2837; x_wconf 73' lang='grc' dir='ltr'><em>ἀποτρέχων</em></span> <span class='ocrx_word' id='word_1_186' title='bbox 1004 2754 1464 2836; x_wconf 74' lang='lat' dir='ltr'>intelligendum</span> <span class='ocrx_word' id='word_1_187' title='bbox 1532 2753 1862 2816; x_wconf 85' lang='lat' dir='ltr'>lectoribus</span> <span class='ocrx_word' id='word_1_188' title='bbox 1927 2752 2295 2834; x_wconf 87' lang='lat' dir='ltr'>Protagorae</span> <span class='ocrx_word' id='word_1_189' title='bbox 2363 2754 2466 2818; x_wconf 80' lang='lat' dir='ltr'>fu-</span> 
     </span>
     <span class='ocr_line' id='line_1_24' title="bbox 291 2860 2534 2949; baseline -0.002 -20"><span class='ocrx_word' id='word_1_190' title='bbox 291 2886 410 2949; x_wconf 89' lang='lat' dir='ltr'>gae</span> <span class='ocrx_word' id='word_1_191' title='bbox 465 2865 806 2927; x_wconf 83' lang='lat' dir='ltr'>meminisse</span> <span class='ocrx_word' id='word_1_192' title='bbox 868 2881 1018 2943; x_wconf 90' lang='lat' dir='ltr'>opus</span> <span class='ocrx_word' id='word_1_193' title='bbox 1079 2869 1242 2941; x_wconf 88' lang='lat' dir='ltr'>erat,</span> <span class='ocrx_word' id='word_1_194' title='bbox 1301 2863 1505 2944; x_wconf 89' lang='lat' dir='ltr'>quidni</span> <span class='ocrx_word' id='word_1_195' title='bbox 1564 2860 2020 2943; x_wconf 23' lang='lat' dir='ltr'>hoc—potuerint</span> <span class='ocrx_word' id='word_1_196' title='bbox 2055 2862 2303 2925; x_wconf 88' lang='lat' dir='ltr'>Socrate</span> <span class='ocrx_word' id='word_1_197' title='bbox 2347 2861 2463 2925; x_wconf 90' lang='lat' dir='ltr'>ali..</span> <span class='ocrx_word' id='word_1_198' title='bbox 2495 2865 2534 2906; x_wconf 83' lang='lat'>·&#39;</span> 
     </span>
     <span class='ocr_line' id='line_1_25' title="bbox 294 2969 2463 3060; baseline -0.001 -22"><span class='ocrx_word' id='word_1_199' title='bbox 294 2981 517 3057; x_wconf 87' lang='lat' dir='ltr'>quanto</span> <span class='ocrx_word' id='word_1_200' title='bbox 576 2979 711 3054; x_wconf 85' lang='lat' dir='ltr'>post</span> <span class='ocrx_word' id='word_1_201' title='bbox 767 2972 1154 3053; x_wconf 86' lang='lat' dir='ltr'>Protagoram</span> <span class='ocrx_word' id='word_1_202' title='bbox 1221 2971 1511 3033; x_wconf 73' lang='lat' dir='ltr'>mortuo?</span> <span class='ocrx_word' id='word_1_203' title='bbox 1613 2969 1798 3031; x_wconf 92' lang='lat' dir='ltr'>Immo</span> <span class='ocrx_word' id='word_1_204' title='bbox 1871 2969 2146 3060; x_wconf 83' lang='lat' dir='ltr'>equidem</span> <span class='ocrx_word' id='word_1_205' title='bbox 2208 2989 2285 3035; x_wconf 83' lang='lat' dir='ltr'>ex</span> <span class='ocrx_word' id='word_1_206' title='bbox 2343 2971 2463 3035; x_wconf 85' lang='lat' dir='ltr'>hoo</span> 
     </span>
     <span class='ocr_line' id='line_1_26' title="bbox 294 3077 2464 3159; baseline 0 -16"><span class='ocrx_word' id='word_1_207' title='bbox 294 3082 601 3144; x_wconf 86' lang='lat' dir='ltr'>Theaeteti</span> <span class='ocrx_word' id='word_1_208' title='bbox 643 3081 778 3143; x_wconf 93' lang='lat' dir='ltr'>loco</span> <span class='ocrx_word' id='word_1_209' title='bbox 840 3083 1196 3143; x_wconf 86' lang='lat' dir='ltr'>sententiam</span> <span class='ocrx_word' id='word_1_210' title='bbox 1253 3078 1451 3140; x_wconf 87' lang='lat' dir='ltr'>efficio</span> <span class='ocrx_word' id='word_1_211' title='bbox 1495 3077 1887 3141; x_wconf 87' lang='lat' dir='ltr'>Herbstianae</span> <span class='ocrx_word' id='word_1_212' title='bbox 1924 3095 2169 3159; x_wconf 79' lang='lat' dir='ltr'>prorsus</span> <span class='ocrx_word' id='word_1_213' title='bbox 2213 3086 2464 3143; x_wconf 88' lang='lat' dir='ltr'>contra-</span> 
     </span>
     <span class='ocr_line' id='line_1_27' title="bbox 297 3186 2464 3272; baseline -0.002 -17"><span class='ocrx_word' id='word_1_214' title='bbox 297 3195 469 3268; x_wconf 87' lang='lat' dir='ltr'>riam,</span> <span class='ocrx_word' id='word_1_215' title='bbox 517 3209 691 3272; x_wconf 86' lang='lat' dir='ltr'>quam</span> <span class='ocrx_word' id='word_1_216' title='bbox 737 3199 796 3264; x_wconf 79' lang='lat'>§-</span> <span class='ocrx_word' id='word_1_217' title='bbox 841 3190 897 3253; x_wconf 89' lang='grc'>7.</span> <span class='ocrx_word' id='word_1_218' title='bbox 945 3188 1297 3269; x_wconf 72' lang='lat' dir='ltr'>explicatam</span> <span class='ocrx_word' id='word_1_219' title='bbox 1333 3188 1594 3248; x_wconf 42' lang='lat' dir='ltr'>*videbis.</span> <span class='ocrx_word' id='word_1_220' title='bbox 1637 3186 1827 3249; x_wconf 87' lang='lat' dir='ltr'>Etiam</span> <span class='ocrx_word' id='word_1_221' title='bbox 1871 3187 2021 3250; x_wconf 85' lang='lat' dir='ltr'>ultra</span> <span class='ocrx_word' id='word_1_222' title='bbox 2064 3186 2464 3268; x_wconf 87' lang='lat' dir='ltr'>progrediens</span> 
     </span>
     <span class='ocr_line' id='line_1_28' title="bbox 293 3291 2461 3377; baseline -0.001 -13"><span class='ocrx_word' id='word_1_223' title='bbox 293 3301 668 3364; x_wconf 83' lang='lat' dir='ltr'>Hermannus</span> <span class='ocrx_word' id='word_1_224' title='bbox 697 3299 873 3360; x_wconf 90' lang='lat' dir='ltr'>ullam</span> <span class='ocrx_word' id='word_1_225' title='bbox 906 3299 1149 3359; x_wconf 91' lang='lat' dir='ltr'>omnino</span> <span class='ocrx_word' id='word_1_226' title='bbox 1179 3298 1380 3358; x_wconf 91' lang='lat' dir='ltr'>inesse</span> <span class='ocrx_word' id='word_1_227' title='bbox 1411 3295 1848 3357; x_wconf 88' lang='lat' dir='ltr'>cavillationem</span> <span class='ocrx_word' id='word_1_228' title='bbox 1873 3296 2119 3373; x_wconf 85' lang='lat' dir='ltr'>negavit</span> <span class='ocrx_word' id='word_1_229' title='bbox 2141 3313 2278 3377; x_wconf 84' lang='lat' dir='ltr'>pag.</span> <span class='ocrx_word' id='word_1_230' title='bbox 2304 3291 2461 3361; x_wconf 69' lang='lat'>3642</span> 
     </span>
     <span class='ocr_line' id='line_1_29' title="bbox 296 3403 2464 3488; baseline -0.002 -18"><span class='ocrx_word' id='word_1_231' title='bbox 296 3409 395 3488; x_wconf 84' lang='lat' dir='ltr'>„ln</span> <span class='ocrx_word' id='word_1_232' title='bbox 438 3409 547 3470; x_wconf 90' lang='lat' dir='ltr'>der</span> <span class='ocrx_word' id='word_1_233' title='bbox 586 3407 765 3469; x_wconf 85' lang='lat' dir='ltr'>Stelle</span> <span class='ocrx_word' id='word_1_234' title='bbox 809 3408 917 3468; x_wconf 92' lang='lat' dir='ltr'>des</span> <span class='ocrx_word' id='word_1_235' title='bbox 935 3404 1222 3466; x_wconf 85' lang='lat' dir='ltr'>Theaetet</span> <span class='ocrx_word' id='word_1_236' title='bbox 1263 3403 1507 3465; x_wconf 77' lang='lat' dir='ltr'>konnen</span> <span class='ocrx_word' id='word_1_237' title='bbox 1554 3403 1665 3464; x_wconf 87' lang='lat' dir='ltr'>wir</span> <span class='ocrx_word' id='word_1_238' title='bbox 1698 3404 1800 3464; x_wconf 91' lang='lat' dir='ltr'>mit</span> <span class='ocrx_word' id='word_1_239' title='bbox 1845 3403 2464 3485; x_wconf 79' lang='lat' dir='ltr'>aller-Austrenguog</span> 
     </span>
     <span class='ocr_line' id='line_1_30' title="bbox 299 3505 2466 3594; baseline -0.003 -15"><span class='ocrx_word' id='word_1_240' title='bbox 299 3517 451 3579; x_wconf 89' lang='lat' dir='ltr'>auch</span> <span class='ocrx_word' id='word_1_241' title='bbox 511 3515 676 3577; x_wconf 82' lang='lat' dir='ltr'>nicht</span> <span class='ocrx_word' id='word_1_242' title='bbox 726 3512 824 3575; x_wconf 93' lang='lat' dir='ltr'>die</span> <span class='ocrx_word' id='word_1_243' title='bbox 888 3505 1613 3594; x_wconf 84' lang='lat' dir='ltr'>geringste-Anspielung</span> <span class='ocrx_word' id='word_1_244' title='bbox 1679 3509 1788 3572; x_wconf 81' lang='lat' dir='ltr'>auf</span> <span class='ocrx_word' id='word_1_245' title='bbox 1818 3511 2099 3573; x_wconf 88' lang='lat' dir='ltr'>Socrates</span> <span class='ocrx_word' id='word_1_246' title='bbox 2157 3509 2283 3571; x_wconf 90' lang='lat' dir='ltr'>Tod</span> <span class='ocrx_word' id='word_1_247' title='bbox 2342 3508 2466 3573; x_wconf 87' lang='lat' dir='ltr'>und</span> 
     </span>
     <span class='ocr_line' id='line_1_31' title="bbox 295 3618 2468 3706; baseline -0.001 -19"><span class='ocrx_word' id='word_1_248' title='bbox 295 3626 654 3706; x_wconf 87' lang='lat' dir='ltr'>Protagoras</span> <span class='ocrx_word' id='word_1_249' title='bbox 699 3621 1216 3702; x_wconf 82' lang='lat' dir='ltr'>Gleichzeitigkeit</span> <span class='ocrx_word' id='word_1_250' title='bbox 1283 3621 1389 3682; x_wconf 84' lang='lat' dir='ltr'>mit</span> <span class='ocrx_word' id='word_1_251' title='bbox 1435 3619 1780 3682; x_wconf 89' lang='lat' dir='ltr'>demselben</span> <span class='ocrx_word' id='word_1_252' title='bbox 1843 3618 2231 3682; x_wconf 81' lang='lat' dir='ltr'>entdecken.“</span> <span class='ocrx_word' id='word_1_253' title='bbox 2334 3619 2468 3685; x_wconf 88' lang='lat' dir='ltr'>No-</span> 
     </span>
     <span class='ocr_line' id='line_1_32' title="bbox 298 3728 2464 3811; baseline -0.002 -12"><span class='ocrx_word' id='word_1_254' title='bbox 298 3737 527 3799; x_wconf 85' lang='lat' dir='ltr'>biscum</span> <span class='ocrx_word' id='word_1_255' title='bbox 595 3731 895 3796; x_wconf 89' lang='lat' dir='ltr'>consentit</span> <span class='ocrx_word' id='word_1_256' title='bbox 965 3732 1143 3792; x_wconf 92' lang='lat' dir='ltr'>etiam</span> <span class='ocrx_word' id='word_1_257' title='bbox 1204 3730 1509 3810; x_wconf 79' lang='lat' dir='ltr'>Kayserus</span> <span class='ocrx_word' id='word_1_258' title='bbox 1575 3729 1848 3791; x_wconf 83' lang='lat' dir='ltr'>Philostr.</span> <span class='ocrx_word' id='word_1_259' title='bbox 1915 3728 2055 3791; x_wconf 83' lang='lat' dir='ltr'>edit.</span> <span class='ocrx_word' id='word_1_260' title='bbox 2116 3745 2255 3811; x_wconf 86' lang='lat' dir='ltr'>pag.</span> <span class='ocrx_word' id='word_1_261' title='bbox 2304 3730 2464 3794; x_wconf 70' lang='lat'>202:</span> 
     </span>
     <span class='ocr_line' id='line_1_33' title="bbox 295 3835 2468 3923; baseline -0.001 -19"><span class='ocrx_word' id='word_1_262' title='bbox 295 3840 488 3923; x_wconf 84' lang='lat' dir='ltr'>„Nihil</span> <span class='ocrx_word' id='word_1_263' title='bbox 542 3843 796 3921; x_wconf 84' lang='lat' dir='ltr'>probant</span> <span class='ocrx_word' id='word_1_264' title='bbox 838 3836 1049 3918; x_wconf 87' lang='lat' dir='ltr'>reliqui</span> <span class='ocrx_word' id='word_1_265' title='bbox 1110 3838 1230 3900; x_wconf 92' lang='lat' dir='ltr'>loci</span> <span class='ocrx_word' id='word_1_266' title='bbox 1273 3854 1424 3917; x_wconf 88' lang='lat' dir='ltr'>quos</span> <span class='ocrx_word' id='word_1_267' title='bbox 1466 3838 1776 3899; x_wconf 87' lang='lat' dir='ltr'>Herbstius</span> <span class='ocrx_word' id='word_1_268' title='bbox 1818 3835 2028 3915; x_wconf 82' lang='lat' dir='ltr'>affert,</span> <span class='ocrx_word' id='word_1_269' title='bbox 2090 3836 2253 3902; x_wconf 86' lang='lat' dir='ltr'>Sext.</span> <span class='ocrx_word' id='word_1_270' title='bbox 2299 3836 2468 3920; x_wconf 74' lang='lat' dir='ltr'>Emp-</span> 
     </span>
     <span class='ocr_line' id='line_1_34' title="bbox 295 3944 2472 4028; baseline -0.002 -15"><span class='ocrx_word' id='word_1_271' title='bbox 295 3950 435 4013; x_wconf 86' lang='lat' dir='ltr'>adv.</span> <span class='ocrx_word' id='word_1_272' title='bbox 497 3946 669 4028; x_wconf 80' lang='lat' dir='ltr'>Phys.</span> <span class='ocrx_word' id='word_1_273' title='bbox 709 3949 812 4012; x_wconf 90' lang='lat' dir='ltr'>lib.</span> <span class='ocrx_word' id='word_1_274' title='bbox 855 3947 959 4009; x_wconf 91' lang='lat' dir='ltr'>lX.</span> <span class='ocrx_word' id='word_1_275' title='bbox 1007 3954 1066 4023; x_wconf 77' lang='lat'>§-</span> <span class='ocrx_word' id='word_1_276' title='bbox 1117 3946 1216 4009; x_wconf 83' lang='lat'>56.</span> <span class='ocrx_word' id='word_1_277' title='bbox 1263 3952 1324 4008; x_wconf 89' lang='lat' dir='ltr'>et</span> <span class='ocrx_word' id='word_1_278' title='bbox 1361 3946 1503 4008; x_wconf 87' lang='lat' dir='ltr'>Plat.</span> <span class='ocrx_word' id='word_1_279' title='bbox 1548 3945 1790 4007; x_wconf 79' lang='lat' dir='ltr'>Theaet.</span> <span class='ocrx_word' id='word_1_280' title='bbox 1840 3944 1976 4006; x_wconf 89' lang='lat'>171.</span> <span class='ocrx_word' id='word_1_281' title='bbox 2019 3945 2126 4010; x_wconf 62' lang='lat' dir='ltr'>1)ss</span> <span class='ocrx_word' id='word_1_282' title='bbox 2218 3944 2307 4009; x_wconf 87' lang='lat' dir='ltr'>En</span> <span class='ocrx_word' id='word_1_283' title='bbox 2353 3944 2472 4009; x_wconf 86' lang='lat' dir='ltr'>ha-</span> 
     </span>
     <span class='ocr_line' id='line_1_35' title="bbox 295 4052 2469 4137; baseline -0.003 -15"><span class='ocrx_word' id='word_1_284' title='bbox 295 4060 409 4122; x_wconf 84' lang='lat' dir='ltr'>hes</span> <span class='ocrx_word' id='word_1_285' title='bbox 473 4055 778 4118; x_wconf 87' lang='lat' dir='ltr'>Theaeteti</span> <span class='ocrx_word' id='word_1_286' title='bbox 831 4055 1072 4133; x_wconf 87' lang='lat' dir='ltr'>locum,</span> <span class='ocrx_word' id='word_1_287' title='bbox 1129 4073 1165 4116; x_wconf 91' lang='lat' dir='ltr'>a</span> <span class='ocrx_word' id='word_1_288' title='bbox 1227 4070 1345 4134; x_wconf 91' lang='lat' dir='ltr'>quo</span> <span class='ocrx_word' id='word_1_289' title='bbox 1409 4054 1471 4115; x_wconf 90' lang='lat' dir='ltr'>in</span> <span class='ocrx_word' id='word_1_290' title='bbox 1532 4059 1735 4115; x_wconf 89' lang='lat' dir='ltr'>cetera</span> <span class='ocrx_word' id='word_1_291' title='bbox 1803 4052 2064 4116; x_wconf 85' lang='lat' dir='ltr'>Herbstii</span> <span class='ocrx_word' id='word_1_292' title='bbox 2119 4058 2469 4137; x_wconf 80' lang='lat' dir='ltr'>argumenta</span> 
     </span>
     <span class='ocr_line' id='line_1_36' title="bbox 296 4158 2473 4248; baseline -0.002 -19"><span class='ocrx_word' id='word_1_293' title='bbox 296 4163 595 4248; x_wconf 88' lang='lat' dir='ltr'>probandi</span> <span class='ocrx_word' id='word_1_294' title='bbox 643 4164 733 4225; x_wconf 86' lang='lat' dir='ltr'>vis</span> <span class='ocrx_word' id='word_1_295' title='bbox 774 4163 1124 4243; x_wconf 92' lang='lat' dir='ltr'>pondusque</span> <span class='ocrx_word' id='word_1_296' title='bbox 1171 4161 1497 4236; x_wconf 85' lang='lat' dir='ltr'>redundet,</span> <span class='ocrx_word' id='word_1_297' title='bbox 1554 4159 1786 4222; x_wconf 90' lang='lat' dir='ltr'>scilicet</span> <span class='ocrx_word' id='word_1_298' title='bbox 1841 4159 2026 4239; x_wconf 90' lang='lat' dir='ltr'>ipsum</span> <span class='ocrx_word' id='word_1_299' title='bbox 2087 4158 2204 4221; x_wconf 87' lang='lat' dir='ltr'>hac</span> <span class='ocrx_word' id='word_1_300' title='bbox 2255 4161 2473 4225; x_wconf 86' lang='lat' dir='ltr'>virtute</span> 
     </span>
     <span class='ocr_line' id='line_1_37' title="bbox 297 4265 2472 4350; baseline -0.004 -14"><span class='ocrx_word' id='word_1_301' title='bbox 297 4275 658 4336; x_wconf 83' lang='lat' dir='ltr'>destitutum.</span> <span class='ocrx_word' id='word_1_302' title='bbox 719 4271 872 4345; x_wconf 88' lang='lat' dir='ltr'>Quid</span> <span class='ocrx_word' id='word_1_303' title='bbox 916 4288 1076 4333; x_wconf 90' lang='lat' dir='ltr'>nunc</span> <span class='ocrx_word' id='word_1_304' title='bbox 1116 4269 1248 4331; x_wconf 91' lang='lat' dir='ltr'>sillo</span> <span class='ocrx_word' id='word_1_305' title='bbox 1292 4270 1408 4346; x_wconf 82' lang='lat' dir='ltr'>liet,</span> <span class='ocrx_word' id='word_1_306' title='bbox 1453 4277 1571 4348; x_wconf 76' lang='lat' dir='ltr'>q‘uo</span> <span class='ocrx_word' id='word_1_307' title='bbox 1612 4284 1818 4348; x_wconf 89' lang='lat' dir='ltr'>parum</span> <span class='ocrx_word' id='word_1_308' title='bbox 1863 4265 2259 4330; x_wconf 86' lang='lat' dir='ltr'>demonstrari</span> <span class='ocrx_word' id='word_1_309' title='bbox 2289 4284 2472 4350; x_wconf 83' lang='lat' dir='ltr'>posse</span> 
     </span>
     <span class='ocr_line' id='line_1_38' title="bbox 298 4374 2471 4454; baseline -0.003 -8"><span class='ocrx_word' id='word_1_310' title='bbox 298 4379 611 4446; x_wconf 83' lang='lat' dir='ltr'>Herbstius</span> <span class='ocrx_word' id='word_1_311' title='bbox 681 4378 998 4442; x_wconf 80' lang='lat' dir='ltr'>confessus</span> <span class='ocrx_word' id='word_1_312' title='bbox 1062 4385 1155 4441; x_wconf 88' lang='lat' dir='ltr'>est</span> <span class='ocrx_word' id='word_1_313' title='bbox 1213 4377 1330 4440; x_wconf 92' lang='lat' dir='ltr'>nisi</span> <span class='ocrx_word' id='word_1_314' title='bbox 1377 4375 1710 4454; x_wconf 86' lang='lat' dir='ltr'>accedente</span> <span class='ocrx_word' id='word_1_315' title='bbox 1756 4374 2016 4439; x_wconf 84' lang='lat' dir='ltr'>Platonis</span> <span class='ocrx_word' id='word_1_316' title='bbox 2062 4374 2471 4439; x_wconf 79' lang='lat' dir='ltr'>auctoritate?</span> 
     </span>
    </p>
   </div>
  </div>
 </body>
</html>
