2975 4959
1114 351 1594 417 -17-

298 550 523 616 mages,
548 538 610 595 et
652 532 728 594 de
769 533 1047 593 recevoir
1087 532 1246 595 leurs
1291 533 1732 616 instructions“,
1775 538 1835 593 et
1875 530 2165 593 haberent
2202 547 2319 610 qno
2366 529 2484 591 ful·
2536 551 2555 560 ·

304 644 571 706 cirentur
620 639 845 703 verba:
903 656 1277 720 „supposons
1328 656 1444 718 que
1488 639 1872 716 Democrite‚
1931 640 2008 698 ne'
2047 656 2129 699 αιι
2160 629 2303 716 plus
2344 639 2486 700 {ard

298 771 374 813 en
417 747 544 813 494
588 756 746 810 —.“
831 748 1064 809 Deinde
1106 753 1246 808 octo
1292 746 1598 807 deducens
1642 745 1717 808 de
1764 763 1921 807 anno
1965 746 2106 808 480.
2149 747 2479 807 Democriti

301 859 532 922 reditus
576 862 633 919 in
676 859 924 937 patriam
976 863 1203 935 tempus
1249 854 1494 916 efficere
1536 855 1651 916 sibi
1694 854 1950 931 videtur,
1996 854 2156 934 quod
2199 872 2319 916 non
2367 873 2483 916 una

306 968 382 1029 de
426 984 608 1028 causa
641 967 786 1027 satis
817 966 1045 1026 mirum.
1089 964 1266 1025 Anno
1292 959 1431 1023 480.
1454 962 1780 1023 Democriti
1805 967 1973 1042 pater
1988 961 2249 1023 Xerxem
2275 961 2486 1042 hospi-

304 1081 422 1136 tem
449 1090 655 1134 mensa
702 1073 1011 1151 recepisse
1050 1070 1282 1151 dicitur,
1328 1070 1605 1150 magique
1637 1077 1700 1131 ut
1725 1069 1983 1131 Abderis
2008 1069 2486 1148 relinquerentur

305 1181 555 1261 praemii
607 1180 744 1240 loco
792 1181 866 1240 ab
908 1178 1006 1240 illo
1055 1178 1404 1257 impetrasse
1430 1177 1835 1239 Democritum
1866 1177 2172 1239 erudituri.
2236 1179 2484 1241 Tantum

305 1290 633 1367 scriptores
680 1287 949 1348 nonnulli
1009 1286 1184 1346 nobis
1241 1285 1631 1346 tradiderunt.
1717 1285 1837 1348 Sed
1896 1286 2026 1364 plus
2077 1286 2323 1348 Frereto
2382 1289 2482 1349 in-

307 1398 535 1459 notuit:
596 1395 997 1478 Democritum
1047 1411 1158 1474 per
1202 1411 1429 1474 paucos
1475 1399 1699 1455 tantum
1744 1411 1985 1456 menses
2028 1412 2336 1476 magorum
2383 1397 2478 1456 in.

305 1505 610 1567 stitutione
652 1521 821 1565 usum
863 1502 1078 1563 eodem
1119 1518 1278 1561 anno
1307 1500 1447 1562 480.
1493 1502 1608 1561 iam
1637 1503 1991 1582 peregrinas
2019 1501 2243 1562 adiisse
2267 1510 2477 1564 terras,

301 1612 477 1686 Quod
507 1610 665 1673 unde
708 1609 1065 1686 habeatille‚
1105 1626 1284 1671 nemo
1326 1610 1439 1670 erit
1485 1608 1587 1688 qui
1630 1609 1798 1670 sciat.
1850 1608 2124 1670 Ceterum
2170 1610 2248 1670 ad
2292 1627 2484 1691 nugas

312 1720 470 1781 hanc
487 1735 724 1800 quoque
754 1719 1056 1797 pertinere
1080 1716 1388 1777 historiam
1420 1734 1598 1795 supra
1625 1734 1658 1777 a
1683 1718 1858 1779 nobis
1883 1716 2345 1780 demonstratum
2373 1727 2484 1781 est.

306 1828 514 1908 Neque
537 1829 682 1889 satis
709 1833 882 1887 caute
905 1831 1036 1886 octo
1057 1842 1249 1888 annos
1281 1824 1545 1888 deduxit.
1578 1825 1900 1888 Clementis
1921 1829 2076 1888 enirn
2099 1827 2289 1906 locuS,
2312 1846 2486 1907 quem

305 1935 666 2015 ὀγδώκοντα
708 1935 770 1996 in
813 1930 974 1996 ὀκτώ
1015 1939 1238 1996 mutato
1267 1933 1645 1996 emendatum
1678 1941 1860 2015 putat,
1903 1935 2003 1997 hic
2045 1942 2137 1996 est
2177 1938 2483 2010 (stromat.

304 2042 404 2104 lib.
453 2043 498 2103 Ι.
548 2060 686 2122 pag.
733 2041 877 2104 303.
919 2042 967 2102 D
1009 2041 1358 2121 Sylburg.):
1439 2037 1832 2124 Δημόκριτος
1886 2040 2008 2122 γαρ
2065 2040 2214 2115 τούς
2257 2046 2485 2121 Βαβυ-

300 2150 561 2221 λωνίους
603 2148 822 2229 λόγους
865 2146 1127 2229 ἠθικοὺς
1155 2149 1234 2226 [Y]
1262 2149 1613 2229 πεποίηται·
1655 2148 1901 2227 λέγεται
1940 2144 2057 2228 γὰρ
2100 2147 2486 2229 τήνἈκικιί-

299 2276 417 2336 ρου
462 2254 690 2337 στήλην
731 2250 1233 2336 ἐρμηνευθεῖσαν
1279 2259 1406 2326 τοῖς
1450 2254 1636 2326 ἰδίοις
1682 2251 1984 2328 συντάξαι
2013 2252 2482 2334 συγγράμμασι.

297 2355 518 2425 κᾶστιν
577 2361 1091 2445 ἐπισημήνασθαι
1151 2362 1301 2444 παρ’
1345 2360 1564 2424 αὐτοῦ.
1648 2357 1799 2423 τάδε
1870 2362 2033 2440 λέγει
2091 2363 2482 2444 Δημόκριτος

293 2466 556 2552 γράφων
603 2472 713 2532 καί
751 2466 879 2549 μήν
919 2471 1031 2531 καί
1073 2473 1223 2551 περί
1262 2466 1506 2548 αὑτοῦ,
1565 2459 1607 2554 ᾗ
1650 2467 2109 2548 σεμνυνόμενός
2156 2451 2313 2553 φησί
2358 2495 2477 2534 που

294 2572 400 2638 ἐπὶ
458 2580 539 2661 τῇ
579 2580 981 2662 πολυμαθιζι·
1067 2572 1247 2658 ηἘγαὶ
1310 2577 1381 2639 δὲ
1411 2579 1538 2639 τῶν
1584 2582 1721 2640 κατ’
1793 2576 2077 2656 ἐμωυτόν
2122 2577 2478 2659 ἀνθρώπων

289 2686 400 2765 γῆν
446 2685 734 2765 πλείστην
777 2679 1299 2767 ἐπεπλανησάμην
1335 2680 1637 2765 ἱστορέων
1679 2681 1759 2746 τοὶ
1800 2681 2092 2764 μήκιστα,
2132 2686 2239 2746 καί
2281 2686 2477 2764 ἀέρας

291 2812 358 2852 τε
405 2791 517 2853 καί
555 2792 704 2871 γέας
747 2792 1042 2864 πλείστας
1085 2783 1294 2871 εἶδον,
1357 2788 1468 2854 καὶ
1505 2793 1729 2873 λογίων
1768 2788 2123 2873 ἀνθρώπων
2166 2795 2475 2854 πλείστων

290 2894 629 2978 ἑσήκουσα,
673 2894 784 2958 καί
819 2900 1160 2978 γραμμὲων
1205 2899 1537 2970 συνθέσιος
1573 2895 1732 2976 μετὰ
1776 2899 2100 2974 α’ποὸέξιος
2142 2892 2356 2973 οὖδείς
2383 2897 2470 2960 καί

289 3023 368 3080 με
416 3002 828 3085 παρήλλαξεν,
875 3006 1026 3066 ου’δὲ
1069 3002 1126 3067 οἱ
1151 3006 1524 3087 Αἰγυπτίων
1562 3002 1922 3085 καλεόμενοι
1949 3004 2472 3088 Ἀρπεδονάπται·

292 3107 413 3172 σὺν
455 3117 586 3183 τοῖς
628 3111 685 3171 δ’
729 3112 834 3173 ἐπὶ
875 3115 1065 3174 πᾶσιν
1103 3114 1197 3175 ἐπ’
1253 3108 1373 3175 ἔπ’
1427 3108 1783 3193 ὄγδώκοντα
1848 3115 1952 3176 ἐπὶ
2009 3116 2207 3196 ξείνης
2258 3115 2472 3196 ἐγενή-

289 3220 462 3299 θην.“
548 3217 783 3301 ἐπῆλθε
826 3216 945 3301 γὰρ
994 3221 1349 3300 Βαβυλῶνα
1395 3242 1459 3283 τε
1501 3221 1611 3283 καί
1649 3223 1945 3304 Περσίδα
1992 3221 2103 3284 καί
2141 3220 2467 3303 Αἴγυπτον

287 3331 416 3398 τοῖς
459 3346 525 3386 τε
562 3320 787 3405 μάγοις
824 3328 936 3388 καί
975 3335 1105 3408 τοῖς
1144 3324 1380 3409 ἱερεῦσι
1417 3328 1813 3408 μαθητεὺων.
1901 3331 2074 3404 Quod
2118 3333 2197 3392 ita
2240 3331 2465 3409 repeti..

290 3439 384 3494 tur
426 3432 503 3495 ab
546 3430 809 3496 Eusebio
852 3434 1058 3514 Praep.
1106 3435 1336 3515 Evang.
1382 3435 1483 3496 lib.
1534 3435 1609 3496 X.
1661 3454 1790 3516 cap.
1837 3433 1908 3497 4:
1960 3435 2098 3497 Καὶ
2136 3436 2464 3518 Δημόκρι-

284 3560 383 3612 τος
424 3541 493 3603 δὲ
534 3535 628 3602 ἔτι
677 3539 982 3623 πρότερον
1040 3539 1188 3613 τούς
1245 3546 1678 3621 Βαβυλωνίων
1741 3541 1964 3625 λόγους
2023 3540 2291 3623 ἠθικούς
2349 3565 2467 3604 πε-

284 3650 587 3728 ποιῆσθαι
630 3651 908 3730 λέγεται,
977 3656 1090 3713 καί
1124 3674 1243 3714 που
1284 3650 1740 3731 σεμνυνόμενος
1782 3655 1928 3730 περί
1968 3643 2206 3711 ἑαυτοῦ
2247 3674 2461 3734 φησιν·

277 3750 454 3834 ,ξΕγώ
516 3755 587 3818 δὲ
644 3759 769 3816 τῶν
814 3761 948 3819 κατ’
992 3756 1269 3838 ἐμαυτὸν
1312 3759 1666 3843 α’νθροόπων
1708 3759 1996 3840 πλείστην
2037 3759 2152 3839 γῆν
2194 3760 2466 3822 ἐπεπλα-

275 3857 561 3944 νησοίμην
605 3858 906 3945 ἱστορέων
950 3862 1028 3929 τοὶ
1078 3862 1373 3951 μήκιστα,
1417 3868 1526 3929 καί
1567 3868 1760 3949 ἀέρας
1779 3863 1909 3949 ,καί
1946 3870 2132 3948 γαίας
2161 3866 2460 3942 πλείστας

277 3960 485 4051 εἶδον,
547 3966 656 4032 καί
711 3975 936 4053 λογίων
996 3971 1245 4054 α’νδριὸν
1292 3976 1592 4038 πλείστων
1655 3968 2016 4056 ἐπήκουσα,
2079 3975 2191 4036 καί
2247 3997 2457 4057 γραμ-

280 4079 453 4153 με’ων
497 4081 830 4152 συνθὲσιος
892 4088 1025 4157 μετ’
1092 4082 1470 4157 ἀποδείξεως
1540 4082 1748 4155 ου’ὃείς
1811 4075 1974 4163 aeda&
2036 4083 2239 4164 [quod
2304 4100 2455 4145 cor-

275 4191 505 4263 ruptum
568 4193 659 4247 est
713 4208 791 4250 ex
835 4188 1157 4251 Clementis
1214 4193 1299 4251 κώ
1343 4203 1463 4269 με]
1530 4191 1960 4273 παρήλλαξεν,
2029 4184 2176 4254 οὔτε
2232 4191 2457 4271 Ἀἰγυ-

272 4293 467 4353 πτίων
513 4289 570 4354 οἶ
602 4296 978 4374 καλούμενοι
1007 4295 1604 4377 Ἀρσεπεδονάπται,
1645 4297 1814 4376 [σύν]
1859 4291 1951 4373 οἷς
1981 4298 2087 4360 ἐπὶ
2129 4300 2322 4359 πᾶσιν
2355 4299 2453 4359 ἐπ’

268 4389 408 4461 ἔτεα
451 4398 830 4484 ὀγδοήκοντα
873 4404 980 4468 ὲπί
1022 4405 1216 4488 ξείνης
1258 4401 1612 4489 ἐγενήθην.“
1698 4405 1932 4488 ἐπῆλθε
1973 4402 2093 4488 γάρ
2130 4407 2239 4468 καί
2278 4394 2461 4479 οὗτος

2011 4524 2051 4566 0

2011 4568 2056 4591 u
