2975 4959
1263 318 1373 351 --‘
1467 299 1607 369 149
1718 332 1804 363 -v

427 486 567 548 dicti
637 489 794 564 sint,
853 495 952 549 aut
1009 507 1043 550 a
1108 464 1291 551 Sexto
1354 489 1654 569 Empirico
1720 489 2058 568 ceterisque
2119 488 2321 550 Corax
2379 494 2440 550 et
2502 466 2644 551 Τί-1

425 597 568 658 sias,
657 596 927 679 Plerique
989 598 1229 677 quidem
1293 599 1478 662 Sexto
1541 598 1715 659 fidem
1780 597 2148 658 habuerunt:
2217 598 2298 658 ita
2366 596 2628 659 Geetius‘

425 722 567 786 pag.
621 707 720 768 83.
793 724 872 768 ex
934 708 1048 768 nac
1115 706 1214 767 lite
1285 696 1478 769 ortum
1551 708 1633 767 ait
1699 705 2081 785 proverbium
2142 704 2284 767 illud
2349 701 2452 784 „aix
2495 730 2606 767 κα·
2673 686 2677 691 ’

420 814 533 872 κοῦ
594 809 860 892 κόρακος
927 809 1116 875 κακὸν
1179 809 1376 881 αἷόν“;
1434 802 1814 875 temerarium
1876 830 2024 874 vero
2089 830 2231 874 esse
2293 812 2606 875 historiam

424 920 769 981 convellere
841 914 1096 997 conari,
1165 939 1320 1001 quae
1386 920 1711 1001 proverbio
1780 926 1971 983 ortum
2039 918 2293 982 dederit.
2407 921 2604 1000 A-tque

422 1027 635 1088 eadem
687 1034 780 1089 est
827 1036 1161 1090 ceterorum
1204 1029 1332 1092 fere
1377 1032 1694 1091 sententia.
1761 1029 1881 1092 Sed
1926 1035 2119 1090 ortum
2170 1044 2308 1089 esse
2348 1044 2610 1108 prover-

424 1135 582 1196 bium
634 1153 711 1196 ex
763 1135 865 1197 lite
911 1137 1005 1198 illa
1037 1137 1286 1199 Coracis
1334 1144 1392 1198 et
1438 1138 1640 1198 Tisiae
1668 1136 1944 1216 equidem
1980 1154 2099 1198 non
2147 1136 2367 1221 credo:
2412 1134 2607 1216 neque

428 1246 585 1305 enim
622 1252 759 1306 tunc
804 1246 991 1325 ipsum
1024 1245 1100 1306 ab
1146 1263 1265 1308 uno
1315 1266 1391 1307 ex
1437 1246 1736 1315 iudicibus
1779 1248 2081 1308 inventum
2109 1245 2365 1321 videtur,
2415 1261 2610 1324 neque
2665 1247 2669 1251 ’

424 1334 835 1414 omnino'tale
877 1350 986 1429 est,
1027 1352 1186 1434 quod
1229 1352 1306 1413 ad
1355 1353 1778 1416 inveniendum
1826 1359 1996 1415 certo
2040 1352 2297 1433 quodam
2330 1353 2463 1413 viro
2512 1354 2610 1413 cui

427 1478 647 1522 nomen
692 1469 855 1522 esset
895 1442 1110 1523 Coraci
1172 1481 1321 1542 opus
1365 1462 1561 1525 suerit.
1648 1464 1757 1523 Est
1797 1463 1975 1523 etiam
2019 1462 2172 1541 apud
2220 1461 2385 1523 alios‘
2415 1477 2612 1540 popu-

423 1569 556 1631 los:
624 1568 763 1650 quid
813 1570 1061 1632 similius
1106 1571 1225 1632 hoc
1272 1576 1524 1632 nostro:
1593 1569 1729 1632 Wie
1797 1568 1894 1631 die
1952 1570 2164 1631 Henne
2212 1552 2284 1630 so
2344 1568 2454 1630 das
2496 1567 2609 1630 Ei:

426 1681 594 1742 cuius
660 1680 965 1760 proverbii
1021 1682 1319 1762 originem
1380 1683 1512 1762 quis
1574 1701 1607 1742 a
1667 1681 1915 1743 muliere
1971 1681 2165 1760 aliqua
2219 1680 2428 1741 Henne
2489 1697 2612 1741 no·-

423 1791 645 1851 minata
701 1790 1087 1869 repetendam
1133 1809 1272 1851 esse
1328 1791 1633 1853 censeat?
1711 1790 1994 1853 Fortasse
2039 1791 2154 1851 iam
2200 1797 2338 1851 ante
2385 1795 2616 1851 utrum-
2673 1796 2676 1801 ’

424 1916 583 1978 que,
651 1904 709 1961 et
772 1898 1160 1980 Protagoram
1222 1906 1282 1960 et
1347 1900 1681 1975 Coracem,
1746 1900 1963 1961 Graeci
2030 1899 2311 1960 dicebant
2368 1901 2437 1960 ἐκ
2499 1923 2609 1960 κα-

424 2009 538 2068 κοῦ
581 2004 844 2085 κόρακος
899 2005 1087 2068 κακὸν
1145 2005 1314 2084 odda,
1379 2015 1557 2088 atque
1600 2009 1873 2087 iudiceS,
1944 2027 2076 2069 cum
2123 2008 2423 2088 litigantes
2479 2008 2615 2069 abi-

425 2132 494 2176 re
549 2115 864 2192 iuberent,
929 2118 987 2176 in
1048 2115 1349 2195 sophistas
1409 2117 1542 2177 illos
1605 2115 1723 2176 hoc
1783 2117 2106 2196 proverbio
2171 2115 2371 2178 invehi
2433 2121 2613 2195 pote-

429 2230 565 2284 rant
627 2225 756 2285 iure
816 2241 937 2284 non
996 2224 1226 2284 minore
1283 2242 1457 2305 quam
1519 2225 1577 2286 in
1640 2224 1932 2285 Coracem
1996 2230 2056 2285 et
2110 2202 2380 2285 Tisiam(
2436 2224 2616 2285 Scio-

427 2332 519 2393 lus
564 2349 711 2393 vero
757 2333 970 2412 aliquis
997 2378 1013 2409 ,
1074 2332 1450 2411 proverbium
1498 2334 1737 2395 nonnisi
1783 2333 1841 2393 in
1887 2332 2180 2395 Coracem
2219 2331 2423 2395 valere
2470 2330 2612 2411 opi-

425 2444 598 2502 natus
654 2458 829 2520 quum
875 2441 1133 2502 nominis
1188 2440 1487 2502 cavillatio
1554 2442 1760 2502 inesse
1818 2442 2157 2517 videretur,
2218 2439 2476 2502 fabulam
2535 2439 2611 2501 il-

424 2548 541 2609 lam
594 2548 670 2609 de
718 2549 965 2613 Coracis
1024 2567 1157 2610 cum
1199 2550 1357 2611 Tisia
1402 2550 1503 2611 lite
1548 2557 1919 2611 commentus
1969 2551 2077 2615 est.
2186 2548 2383 2609 Talem
2453 2549 2611 2609 enim

424 2658 610 2718 fuisse
669 2657 1015 2719 fabellarum
1088 2658 1506 2738 permultarum
1575 2660 1873 2739 originem
1941 2658 2000 2718 in
2062 2657 2276 2738 vulgus
2338 2664 2432 2718 est
2490 2675 2612 2719 no-

422 2771 542 2826 tum
585 2767 673 2843 ⁴*).
776 2766 901 2828 Nisi
974 2766 1127 2828 forte
1192 2767 1459 2826 narratio
1523 2767 1637 2826 ista
1685 2765 1959 2826 confecta
2022 2772 2115 2826 est
2162 2771 2293 2827 sive
2356 2766 2431 2825 ad
2499 2782 2611 2826 so-

423 2873 747 2952 phistarum
828 2877 1118 2935 rationem
1192 2884 1407 2934 vanam
1479 2879 1655 2952 atque
1724 2859 2086 2954 argutiorern
2166 2871 2607 2949 cavillandam,

423 2982 553 3043 sive
617 3001 648 3043 a
694 2982 936 3044 rhetore
997 2982 1196 3062 aliquo
1259 2981 1376 3043 hoc
1442 2987 1852 3062 argumentum
1908 2982 2358 3043 exercitationis
2419 2998 2605 3043 causa

424 3242 559 3291 enim
599 3256 703 3290 rem
728 3248 883 3291 totam
900 3241 1119 3292 loannes
1140 3240 1357 3292 eGellio
1395 3242 1685 3308 exscripsit,
1722 3242 1773 3291 in
1813 3256 1876 3292 eo
1915 3249 2085 3292 tamen
2114 3240 2352 3292 consulto
2387 3257 2415 3291 a
2437 3240 2605 3291 Gellio

424 3311 699 3376 discrepat,
735 3311 873 3377 quod
913 3313 1128 3362 aliorum
1163 3314 1517 3363 auctoritatem
1560 3320 1768 3363 secutus
1807 3311 2147 3379 Pythagoram
2185 3313 2326 3362 dicit.
2369 3312 2445 3362 Ita
2468 3313 2606 3363 enim

418 3384 764 3433 narrationem
787 3397 929 3432 suam
951 3381 1239 3433 concludit:
1263 3382 1401 3448 „Nec
1418 3381 1634 3434 multum
1654 3383 1811 3433 refert
1830 3382 1893 3432 ad
1913 3385 2249 3448 propositum,
2286 3382 2605 3448 Pythagoras

423 3469 484 3503 an
512 3453 834 3519 ProtagoraS,
872 3454 1005 3502 sicut
1024 3453 1341 3516 Quintiliano
1380 3452 1555 3519 placet
1590 3461 1642 3504 et
1678 3452 1813 3504 Aulo
1851 3452 2037 3514 Gellio,
2077 3453 2387 3519 litigaverit:
2432 3468 2605 3519 neque

421 3526 555 3574 enim
597 3526 678 3574 vis
717 3532 795 3573 est
834 3524 884 3573 in
926 3526 1162 3574 nomine“
1217 3532 1269 3575 et
1309 3539 1358 3592 q.
1397 3539 1545 3591 seqq.
1619 3524 1962 3575 Nihilominus
2007 3523 2142 3575 hunc
2177 3524 2384 3574 Ioannis
2431 3522 2604 3575 locum

421 3595 600 3657 Gellii,
642 3593 861 3661 Apuleii,
899 3594 1167 3660 Diogenis,
1207 3596 1511 3647 testimoniis
1535 3595 1870 3645 adnumerare
1909 3610 2010 3645 non
2046 3594 2257 3645 dubito:
2293 3609 2412 3645 nam
2446 3596 2605 3662 igno-

420 3673 501 3716 tus
554 3666 643 3716 ille
699 3673 877 3716 auctor
901 3703 916 3729 ,
975 3682 1127 3734 quem
1163 3666 1555 3718 sarisberiensis
1594 3675 1801 3718 secutus
1839 3665 2180 3732 Pythagoram
2220 3666 2273 3715 in
2310 3665 2443 3715 hanc
2478 3680 2605 3715 nar-

419 3739 671 3787 rationem
708 3738 898 3799 intulit,
939 3738 1052 3788 sive
1089 3751 1182 3787 suo
1218 3739 1331 3788 sive
1369 3738 1587 3788 fontium
1622 3737 1810 3803 quibus
1851 3738 2091 3789 utebatur
2128 3751 2302 3789 errore
2340 3736 2606 3803 Pythago-

417 3823 500 3858 ras
537 3823 629 3873 pro
669 3808 969 3876 Protagoras
1004 3809 1318 3874 scripserat,
1374 3810 1551 3875 itaque
1590 3809 1702 3857 iure
1751 3812 1942 3874 opponi
1978 3816 2152 3875 potest
2191 3808 2313 3858 Ioan
2356 3824 2412 3861 es
2447 3808 2604 3860 Sexto

424 3879 616 3945 quique
640 3894 751 3928 cum
775 3880 929 3930 Sexto
952 3878 1161 3930 faciunt.
1188 3911 1247 3919 —
1279 3880 1518 3931 Ceterum
1550 3878 1770 3928 Ioannes
1790 3879 2159 3940 Quintilianum
2184 3895 2317 3930 mem
2357 3894 2472 3928 rans
2514 3890 2605 3928 re-

420 3951 658 4014 spexisse
692 3949 895 4000 videtur
931 3949 993 4009 ad
1030 3951 1116 4001 lib.
1157 3949 1247 4002 111.
1291 3965 1404 4016 cap.
1441 3949 1480 4000 1.
1524 3951 1566 4018 §.
1612 3950 1692 4014 10,
1731 3949 1816 4000 ubi
1858 3951 1958 4001 hoc
2002 3959 2111 4001 est:
2151 3949 2454 4016 „Abderites
2469 3949 2616 4003 Pro-u.

418 4027 626 4139 tagorals
651 4056 665 4080 ,
703 4035 734 4069 a
775 4036 876 4086 quo
914 4021 1092 4072 decem
1134 4021 1358 4072 millibus
1400 4020 1724 4070 denariorum
1768 4019 2009 4073 didicisse
2042 4029 2203 4072 artem
2239 4035 2390 4088 quam
2440 4019 2601 4071 edidit

419 4089 587 4143 Euath
614 4106 671 4140 us
710 4089 946 4140 dicitui·.“

558 4196 607 4260 *)
651 4193 915 4243 Ciceronis
952 4195 1114 4245 verba
1152 4193 1217 4243 de
1236 4191 1322 4245 Or.
1364 4190 1450 4241 lib.
1474 4191 1568 4244 111.
1613 4208 1726 4259 cap.
1745 4192 1877 4244 XXI.
1916 4195 1962 4256 8
1987 4192 2090 4244 81:
2126 4194 2329 4260 „Quare
2348 4192 2597 4244 Coracem

414 4264 568 4314 istum
604 4271 830 4315 vestrum
871 4266 1122 4329 patiamur
1156 4280 1250 4314 nos
1295 4263 1503 4330 quidem
1547 4262 1719 4328 pullos
1757 4279 1878 4316 suos
1917 4265 2194 4332 excludere
2229 4266 2282 4314 in
2317 4263 2468 4327 nido,
2506 4263 2598 4329 qui

417 4334 631 4384 evolent
651 4332 954 4385 clamatores
980 4334 1145 4385 odiosi
1169 4350 1229 4384 ac
1251 4332 1507 4396 molesti“,
1543 4343 1600 4384 ut
1618 4333 1990 4402 intelligantur,
2032 4351 2147 4386 cum
2165 4332 2449 4401 Spengelio
2471 4347 2593 4403 pag.

413 4404 501 4458 27.
541 4413 714 4457 annot.
755 4405 841 4458 42.
883 4404 944 4456 ad
979 4406 1309 4473 proverbium
1348 4403 1593 4471 refugere
1630 4420 1955 4474 nequaquam
1992 4419 2123 4475 opus
2164 4413 2256 4457 est.
