2975 4959
1277 282 1768 353 -96-...

433 508 539 551 τον
579 482 963 568 νἰειραίμενον
1004 480 1439 545 ἀποδεικνύειν
1479 479 1563 556 ὥς
1607 475 1724 544 οὖιι
1766 478 1936 544 ἔστιν
1962 480 2303 563 ἀντιλέγειν
2328 481 2391 565 *)
2431 470 2610 554 οὗτος

429 595 670 676 πρῶτος
714 591 1070 670 διείλεκται,
1107 586 1276 653 καθά
1317 613 1475 675 φησι
1520 587 1799 653 Πλάτων
1835 591 1906 651 ἐν
1923 587 2304 676 Εόθυδῆμῳ.
2389 588 2606 668 Respi-

430 703 511 763 cit
549 696 800 780 Euthyd.
844 714 980 780 pag.
1023 699 1163 761 285.
1211 699 1366 763 D--
1391 699 1532 762 286.
1575 698 1639 761 G.
1725 699 1898 773 Quod
1962 699 2241 779 placitum
2295 697 2605 763 cavinam·

423 810 734 873 isocrates
774 807 902 870 Hei.
944 809 1136 870 initio.
1785 846 1790 851 -
2565 848 2572 854 -

609 950 665 1012 Ω.
753 948 1051 1031 Cuiusque
1098 950 1435 1013 sententiae
1474 949 1837 1012 contrarium
1883 950 2058 1011 statui
2097 955 2316 1029 potest.

594 1073 765 1136 Conf.
789 1075 1005 1138 Senec.
1033 1073 1517 1156 ep.LXXXV111.
1547 1080 1688 1161 tom.
1713 1071 1755 1134 1.
1782 1090 1919 1155 pag.
1944 1071 2087 1137 363.
2115 1071 2212 1135 ed.
2228 1071 2603 1153 Schweigha

426 1154 822 1264 „Protagoras
881 1183 1004 1259 ait,
1065 1180 1141 1243 de
1203 1183 1363 1245 omni
1410 1200 1479 1244 re
1543 1183 1602 1244 in
1659 1188 1970 1262 utramque
2026 1188 2253 1263 partem
2318 1180 2605 1273 disputari

425 1309 608 1373 posse
655 1310 734 1353 ex
776 1308 993 1372 aequo.
998 1298 1030 1332 “
1114 1291 1287 1365 Quod
1330 1292 1600 1371 proxime
1644 1291 1946 1371 sequitur:
2007 1297 2105 1371 „et
2164 1288 2239 1352 de
2296 1288 2409 1351 hac
2450 1289 2602 1369 ipsa,

431 1416 508 1463 an
554 1401 748 1462 omnis
791 1417 892 1462 res
940 1399 997 1461 in
1034 1405 1344 1480 utramque
1383 1406 1611 1480 partem
1657 1398 2026 1478 disputabilis
2071 1399 2223 1477 sit“‚
2270 1414 2606 1479 quanquam

430 1527 466 1570 a
509 1508 882 1589 Protagorae
925 1509 1161 1570 ratione
1204 1524 1326 1570 non
1370 1505 1692 1586 abhorret,
1744 1507 1977 1570 Seneca
2020 1507 2094 1568 de
2141 1523 2251 1568 suo
2299 1505 2609 1569 addidisse

429 1616 684 1693 videtur,
726 1632 844 1697 qno
892 1632 1100 1695 „quam
1148 1616 1367 1678 infesta
1408 1617 1644 1679 veritati
1687 1621 1849 1678 esset
1890 1606 2071 1677 nimia
2100 1615 2430 1678 subtilitas“
2471 1614 2608 1694 pla-
2643 1592 2652 1599 ⁹

430 1726 565 1787 nius
629 1731 964 1804 appareret.
1078 1723 1261 1786 Ciem.
1320 1724 1494 1788 AleX.
1558 1725 1773 1788 Strom.
1833 1724 1934 1786 lib.
1992 1723 2088 1786 Vl.
2154 1740 2294 1806 pag.
2343 1720 2490 1785 674.
2555 1727 2607 1784 Α

430 1831 590 1907 (vid.
637 1850 774 1915 pag.
818 1833 975 1906 89..)

596 1940 858 2004 Posteris
905 1940 1147 2003 tradidit
1187 1941 1548 2023 Protagoras
1588 1940 1803 2022 placita
1864 1958 1985 2019 sua.
2019 1940 2096 2004 de
2142 1958 2339 2007 rerum
2393 1945 2604 2013 natura

428 2049 584 2131 libro
630 2049 727 2111 cui
766 2056 897 2112 erat
939 2050 1284 2130 inscriptum
1347 2044 1734 2132 Ἀλήθεια
1784 2041 1826 2132 ἢ
1876 2045 2069 2131 περὶ
2129 2052 2275 2112 τοῦ
2329 2041 2603 2125 ὄντος,

432 2158 508 2223 de
555 2175 671 2239 quo
712 2157 832 2222 vid.
876 2158 979 2222 lib.
1029 2158 1122 2221 lv.
1165 2177 1295 2241 cap.
1331 2158 1429 2222 111.

1294 2408 1602 2498 cni-111·
1648 2445 1755 2496 11.

600 2623 693 2685 Ex
734 2624 811 2688 iis
861 2640 1015 2705 quae
1039 2624 1259 2688 adhuc
1312 2627 1696 2705 exposuimus
1735 2626 2104 2707 Protagorae
2145 2624 2377 2705 pinctus
2420 2623 2610 2687 mire-

430 2737 527 2793 tur
588 2732 847 2795 fortasse
911 2734 1127 2813 aliquis
1191 2733 1270 2796 de
1333 2733 1465 2796 deis
1527 2751 1648 2797 non
1713 2733 1832 2796 hoe
1892 2734 2176 2797 statuisse
2240 2732 2597 2813 sophistam:

432 2840 599 2904 Deos
637 2842 690 2903 si
734 2841 867 2921 quis
906 2859 1046 2904 esse
1084 2849 1266 2924 putat,
1313 2844 1370 2905 ei
1408 2850 1577 2905 sunt:
1623 2844 1676 2906 si
1717 2860 1840 2904 non
1882 2849 2068 2922 putat,
2113 2858 2235 2907 non
2280 2847 2434 2907 aunt.
2500 2840 2608 2903 Li·-

438 2950 533 3010 bri
572 2950 734 3011 enim
780 2949 1130 3029 nepe-9263»
1171 2952 1498 3031 conscripti
1529 2952 1696 3013 initio
1721 2951 1983 3015 sibinon
2025 2951 2255 3032 liquere
2300 2951 2383 3012 ait
2418 2956 2609 3011 utrum

438 3056 540 3118 dei
586 3059 705 3118 sint
750 3074 964 3118 necne.
1052 3059 1176 3121 cie.
1224 3061 1355 3123 Nat.
1403 3061 1512 3121 De.
1556 3059 1661 3121 lib.
1709 3060 1756 3122 1.
1803 3077 1932 3140 cap.
1981 3059 2030 3121 1.
2078 3069 2132 3136 §.
2178 3062 2255 3122 2:
2303 3057 2610 3139 „Plerique

434 3163 631 3244 (quod
676 3165 933 3227 maxime
970 3166 1293 3229 verisimile
1336 3175 1429 3230 est
1468 3174 1533 3229 et
1568 3185 1686 3248 quo
1733 3185 1944 3230 omnes
1992 3168 2146 3230 duce
2184 3174 2394 3232 natura
2430 3167 2612 3229 vehi·-

433 3284 597 3345 mur)
641 3271 793 3335 deos
838 3290 977 3335 esse
1023 3275 1336 3339 dixerunt:
1385 3275 1662 3338 dubitare·
1695 3293 1766 3338 se
1804 3277 2217 3358 Protagorasf‘
2303 3276 2442 3356 Cap.
2475 3275 2604 3341 ΧΠ.

356 3424 359 3431 f
428 3388 500 3457 ,9.
541 3383 651 3450 29:
694 3382 869 3463 „Nec-
898 3400 1046 3446 vero
1087 3384 1471 3469 Protagoras,
1516 3388 1614 3467 qui
1657 3403 1796 3448 sese
1844 3393 2024 3475 negat
2068 3386 2310 3448 omnino
2358 3385 2433 3446 de
2476 3384 2608 3445 deis

435 3489 663 3553 habere
706 3490 866 3571 quod
912 3491 1171 3572 liqueat,
1215 3495 1367 3571 sint,
1411 3512 1533 3557 non
1575 3497 1729 3572 sint,
1777 3495 2060 3576 qualesve
2106 3497 2242 3572 sint,
2290 3491 2607 3575 quidquam

432 3598 671 3662 ¹videtur
732 3599 808 3663 de
880 3607 1091 3663 natura
1150 3601 1396 3665 deorum
1458 3604 1814 3684 suspicari.“
1920 3603 2060 3683 Cap.
2107 3601 2316 3675 xxm.
2382 3608 2443 3676 s.
2488 3600 2607 3664 63:

435 3706 617 3784 „Nam
658 3706 978 3770 Abderites
1024 3709 1260 3790 quidem
1298 3709 1660 3792 Protagoras
1695 3748 1777 3760 —
1822 3702 1957 3773 cum
2009 3713 2070 3773 in
2131 3709 2426 3790 principio
2471 3708 2608 3772 iibri

419 3813 527 3878 ‚sui
569 3816 661 3876 sic
702 3818 1038 3894 posuisset:
1108 3818 1199 3880 De
1263 3818 1416 3880 divis
1474 3834 1673 3899 neque
1722 3826 1788 3882 ut·
1824 3822 1944 3882 sint
1982 3836 2178 3900 neque
2223 3824 2285 3880 ut
2330 3835 2450 3881 non
2494 3820 2615 3881 sint

436 3921 635 3986 habeo
685 3923 925 3987 dicere:
968 3924 1420 3989 Atheniensium
1462 3929 1629 3990 iussu
1668 3928 1819 3996 urbe
1865 3936 2043 4009 atque
2087 3944 2237 4011 agro
2282 3935 2377 3991 est
2405 3935 2614 3990 exter-

431 4030 722 4092 minatus“
762 4038 823 4093 et
867 4050 923 4113 q.
949 4022 1136 4114 seqq.
1224 4034 1365 4116 Gap.
1409 4035 1583 4098 XLII.
1634 4043 1694 4113 s.
1747 4037 1899 4100 117:
1964 4037 2130 4120 „Ego
2193 4055 2271 4099 ne
2310 4036 2609 4120 Protago-

434 4156 563 4201 ram
607 4139 845 4221 quidem
886 4150 1146 4217 (censeo
1186 4140 1662 4224 superstitiosum
1685 4160 1824 4208 esse
1847 4148 2171 4228 potuisse),
2219 4147 2315 4211 cui
2342 4152 2614 4210 neutrum

584 4360 634 4428 ⁰)
667 4358 781 4419 yffi.
821 4360 961 4429 apud
992 4359 1476 4414 wincheimiumum
1513 4370 1638 4429 pag.
1674 4359 1765 4425 34,
1800 4360 1890 4427 36,
1927 4361 2018 4415 37.
