2975 4959
1225 288 1712 362 ...41ss

387 475 483 538 dte
524 477 877 557 porte-falx,
961 479 1053 542 De
1089 479 1240 561 plus,
1280 480 1485 542 Platon
1530 481 1696 560 parte
1736 479 1887 544 dans
1930 498 2044 544 son
2083 482 2443 564 Protagoras
2473 484 2555 549 ὰι

380 586 644 666 sophista
687 586 765 649 de
805 589 997 651 meme
1036 605 1178 668 nom
1223 605 1456 651 comme
1499 590 1637 652 d’un
1681 591 1793 652 des
1835 590 2121 670 premiers
2166 592 2465 671 sophistes
2493 599 2554 655 et

382 684 695 775 beaucoup
749 693 878 775 plus
936 695 1151 757 ancien
1193 712 1310 775 que
1349 696 1619 759 Socrate.
1704 697 1971 759 Aristote
2030 696 2087 759 le
2128 698 2347 777 placuit
2389 700 2554 764 awti

386 810 568 866 avaut
622 803 823 867 Corax
876 810 939 866 et
977 804 1205 883 Tisias,
1265 806 1363 885 qui
1407 805 1771 868 florissaient
1830 823 1948 887 peu
1998 806 2076 869 de
2129 814 2325 887 temps
2378 806 2556 887 apres

382 908 736 990 l'expulsion
782 910 896 973 des
936 918 1144 993 tyrans
1183 910 1262 973 de
1304 912 1603 993 Syracuse
1648 919 1708 976 et
1748 914 2138 995 d‘Agrigente
2191 922 2254 977 et
2307 914 2556 995 lorsque

384 1019 726 1083 Del-mocrite
772 1020 915 1083 etait
964 1020 1150 1101 passe
1194 1020 1230 1082 a
1270 1023 1447 1102 peine
1508 1022 1583 1083 de
1629 1021 2073 1085 l’adolescence
2117 1023 2154 1084 a
2187 1002 2361 1105 'l’age
2403 1023 2560 1089 viril.

296 1178 316 1200 ,
380 1126 559 1190 Selon
598 1126 970 1207 Apollodoro
1011 1127 1067 1189 la
1107 1128 1209 1191 80.
1258 1129 1460 1211 [immo
1508 1132 2337 1212 quatre-vingt-quatrieme
2385 1136 2558 1196 recte

390 1234 545 1315 apud
587 1234 994 1317 Meinersium]
1050 1236 1417 1325 vOlympiade
1471 1237 1558 1300 sut
1615 1238 1890 1319 l’epoque
1936 1239 2013 1301 de
2061 1239 2115 1301 la
2155 1235 2284 1319 plus
2324 1221 2559 1320 grande

383 1341 669 1405 celebrite
716 1343 791 1404 de
829 1343 1236 1426 Protagoras:
1284 1343 1466 1422 date,
1517 1345 1690 1408 selon
1740 1346 1993 1427 laquelle
2036 1345 2078 1408 il
2116 1347 2381 1427 pourrait
2423 1347 2456 1408 a
2498 1345 2557 1409 la

374 1450 569 1512 verite
628 1451 801 1512 avoir
858 1451 956 1513 ete
1014 1451 1264 1534 disciple
1322 1452 1400 1516 de
1448 1453 1835 1533 Democrito,
1891 1454 2043 1518 mais
2097 1470 2220 1517 non
2281 1453 2453 1518 selon
2494 1455 2557 1519 la

372 1558 627 1622 relation
670 1560 1016 1644 stabulense,
1076 1562 1175 1642 qui
1242 1562 1329 1625 dit
1385 1579 1504 1642 que
1544 1563 1887 1625 Del-mocrite
1925 1564 1981 1625 le
2023 1564 2140 1645 prit
2182 1582 2261 1626 au
2298 1564 2549 1626 nombre

377 1666 454 1729 de
499 1685 602 1730 ses
656 1667 980 1750 disciples,
1042 1669 1309 1752 lorsqu’il
1369 1671 1513 1733 etait
1566 1671 1704 1753 deja
1748 1689 1829 1733 un
1887 1673 2125 1735 homme
2180 1671 2389 1734 fait.““
2470 1674 2552 1737 At

370 1776 551 1838 nobis
585 1776 835 1857 quidem
879 1777 1033 1840 haec
1081 1781 1523 1861 argumentatio
1560 1797 1683 1842 non
1726 1779 1881 1843 adeo
1919 1779 2119 1843 valida
2161 1780 2429 1858 videtur,
2485 1785 2550 1843 ut

368 1883 722 1947 labefactari
762 1893 1040 1968 nequeat.
1122 1889 1346 1951 Locum
1390 1889 1770 1966 Aristotelis,
1824 1906 1998 1969 quem
2055 1890 2355 1970 significat
2394 1887 2550 1955 Met-

379 1993 636 2070 nersiuS,
679 1993 882 2056 laudat
923 1995 1096 2077 Diog.
1136 1995 1332 2059 Laert.
1375 1995 1477 2058 lib.
1521 1997 1622 2059 lX.
1662 1975 1721 2073 3.
1765 1996 1866 2076 53,
1903 1998 2004 2060 ubi
2047 1995 2200 2063 haec
2246 1998 2552 2078 leguntur:

363 2097 505 2163 Kal
539 2102 782 2182 πρῶτας
821 2098 934 2183 τὴν
974 2104 1364 2186 καλουμένην
1392 2100 1605 2187 τύλην,
1649 2100 1761 2187 ἐφ’
1796 2096 1878 2185 ἧς
1920 2102 1998 2167 τὰ
2041 2105 2271 2188 pamla
2306 2098 2546 2185 βαστά-

374 2208 630 2287 ζουσιν,
687 2198 906 2292 εὗρεν,
967 2204 1055 2282 ὥς
1097 2232 1290 2294 φησιν
1331 2211 1774 2293 Ἀριστοτέλης
1817 2214 1886 2275 ἑν
1925 2212 2012 2297 τῷ
2050 2214 2199 2292 περὶ
2238 2211 2552 2286 παιδείας·

361 2313 774 2400 φυρμοφὸρος
814 2313 937 2399 γὰρ
981 2308 1099 2401 ἦν,
1162 2314 1248 2390 αἱς
1289 2320 1399 2381 καί
1432 2316 1789 2399 Ἐπίκουρός
1843 2316 1967 2381 πού
2008 2341 2223 2403 φησιν.
2304 2319 2401 2388 Ex
2438 2318 2534 2384 ltis

372 2430 567 2486 autem
608 2425 809 2488 verbis
855 2444 977 2489 non
1022 2428 1312 2507 sequitur,
1351 2427 1738 2493 Aristotelem
1772 2429 2112 2509 ignorasse,
2160 2429 2546 2511 Protagoram

367 2531 696 2596 Democriti
737 2534 1084 2617 discipulum
1131 2536 1355 2612 fuisse,
1400 2538 1501 2616 qui
1551 2536 1726 2599 huius
1765 2537 1990 2622 inventi
2022 2539 2396 2604 mentionem
2442 2537 2542 2605 fa-

370 2658 513 2703 cere
547 2648 783 2723 poterat
823 2662 1018 2725 neque
1062 2651 1263 2710 tamen
1304 2651 1560 2727 tangere
1603 2637 1971 2712 historiolam
2012 2644 2169 2710 illam
2208 2645 2286 2707 de
2331 2647 2546 2711 Prota-

365 2767 519 2832 gora
561 2750 781 2816 baiulo.
816 2831 823 2836 μ
864 2754 1100 2816 Deinde
1157 2755 1456 2816 nescimus
1504 2753 1806 2833 quomodo
1853 2754 2150 2818 efficiatur
2198 2771 2235 2815 e
2281 2754 2542 2821 Platonis

368 2857 699 2941 Protagora
723 2906 742 2940 ,
804 2861 1129 2943 sophistam
1178 2861 1445 2927 eiusdem
1487 2842 1745 2923 nominis
1788 2861 1969 2923 multo
2012 2863 2299 2926 maiorem
2353 2862 2542 2925 fuisse

365 2968 636 3032 Socrate.
718 2972 969 3052 Saepius
1015 2970 1254 3052 quidem
1295 2971 1378 3033 ibi
1423 2970 1792 3052 significatur
1830 2969 2017 3033 fuisse
2058 2988 2194 3035 eum
2238 2970 2545 3052 sophista-

363 3093 492 3139 rum
537 3076 667 3139 fere
705 3079 991 3159 primum3
1035 3079 1198 3160 quod
1246 3053 1489 3141 omnino
1536 3096 1675 3141 esse
1719 3079 1926 3159 potuit,
1969 3096 2088 3141 nec
2126 3086 2325 3141 tamen
2356 3081 2540 3147 multo

253 3173 259 3188 ”
363 3186 619 3247 Socrate
659 3188 869 3248 maior,
958 3186 1078 3249 lam
1120 3186 1317 3249 locum
1360 3186 1693 3265 CiceroniS,
1727 3187 1889 3253 unde
1935 3187 2296 3252 Meinersius
2332 3187 2541 3274 difficit
2594 3215 2600 3221 ·

359 3283 640 3349 floruisse
702 3288 1092 3369 Protagoram
1154 3295 1294 3350 ante
1353 3286 1648 3354 Coracem
1709 3294 1771 3349 et
1811 3288 2083 3368 Tisiam,
2144 3287 2302 3350 hunc
2358 3289 2541 3369 igitur

360 3396 555 3457 minus
596 3403 766 3458 recte
805 3396 1173 3458 intellexisse
1211 3396 1483 3462 videtur:
1534 3396 1617 3460 ita
1664 3395 1879 3463 Cicero
1924 3397 1986 3464 in
2021 3396 2181 3464 Brut.
2224 3414 2356 3477 cap.
2394 3395 2537 3462 Xli:

358 3503 688 3586 „„ltaque,
751 3505 836 3588 ait,
874 3505 1264 3587 Aristoteles,
1307 3522 1443 3568 cum
1484 3503 1733 3571 sublatis
1776 3505 1838 3566 in
1880 3504 2082 3571 Sicilia
2125 3504 2393 3586 tyrannis
2433 3520 2536 3565 res

332 3606 629 3685 ‚privatae
680 3604 871 3688 longo
912 3606 1226 3671 intervallo
1269 3604 1509 3671 iudiciis
1563 3611 2016 3686 repeterentur,
2079 3612 2198 3670 tum
2260 3605 2533 3683 primum,

361 3713 523 3792 quod
566 3720 734 3777 esset
772 3721 947 3781 acuta
997 3714 1094 3776 illa
1138 3731 1293 3796 gens
1358 3719 1420 3774 et
1481 3719 1878 3780 controversa
1936 3718 2145 3779 natura
2167 3757 2188 3789 ,
2245 3719 2433 3775 artem
2475 3719 2543 3774 et

356 3828 677 3903 praecepta
706 3823 956 3886 Siculos
998 3821 1291 3891 Coracem
1330 3828 1392 3887 et
1430 3821 1651 3891 Tisiam
1691 3819 2131 3901 conscripsisse
2151 3841 2175 3899 3
2237 3838 2375 3886 nam
2418 3838 2535 3883 an-

358 3932 459 3990 tea
503 3931 799 4007 neminem
840 3930 1075 4016 solituin
1118 3932 1216 3992 via
1260 3946 1374 3995 nec
1418 3936 1586 4005 arte,
1635 3930 1747 3992 sed
1786 3933 2068 4004 accurate
2110 3935 2307 3995 tamen
2350 3934 2412 3990 et
2458 3927 2534 3990 de

352 4037 579 4115 scripto
621 4036 939 4122 plerosque
985 4037 1192 4103 dicere
1214 4084 1233 4117 ,
1278 4038 1650 4120 scriptasque
1694 4037 1878 4099 fuisse
1918 4042 1980 4098 et
2014 4043 2253 4118 paratas
2296 4054 2331 4097 a
2376 4035 2530 4097 Pro-

354 4150 569 4226 tagora
619 4161 816 4212 rerum
860 4147 1169 4213 illustrium
1228 4146 1707 4227 disputationeS,
1766 4163 1921 4227 quae
1966 4162 2128 4213 nunc
2184 4159 2532 4206 communes

265 4308 269 4312 .
345 4253 717 4332 appellantur
756 4254 896 4317 loci.
967 4256 1140 4330 Quod
1173 4253 1332 4318 idem
1376 4254 1596 4316 fecisse
1641 4253 1943 4336 Gorgiam,
1987 4272 2121 4320 culn
2162 4251 2523 4333 singularum

337 4377 539 4432 rerum
573 4361 789 4428 laudes
830 4366 1409 4449 vituperationesque
1452 4363 1959 4444 conscripsisset,
2024 4360 2189 4445 quod
2225 4359 2521 4423 iudicaret
