2975 4959
1295 233 1787 305 —24—

450 435 575 481 non
618 429 758 480 esse
803 436 880 483 ex
921 421 1154 501 tripode
1199 421 1418 485 dictum
1459 428 1524 484 ut
1565 423 1917 500 ostendam,
1962 421 2021 484 in
2069 422 2317 486 aliorum
2361 422 2627 492 virorum

445 527 754 589 doctorum
799 530 1149 605 sententiaS‚
1191 546 1338 609 quas
1387 529 1626 592 Geelius
1670 546 1811 592 suas
1860 528 2048 614 fecit,
2093 528 2168 594 de
2213 529 2623 610 Anaxagorae

442 637 764 714 praecipue
810 637 1256 716 Democritique
1299 639 1664 718 temporibus
1712 636 2166 718 digrediendum
2208 637 2341 699 erit.
2416 631 2618 710 Quare

430 760 565 823 .=quo
635 762 836 806 rerum
881 745 996 807 hac
1038 746 1416 826 paragrapho
1462 752 1844 810 tractatarum
1889 744 2042 808 ordo
2084 745 2319 808 facilius
2361 753 2617 810 tenere*-

433 862 548 932 tur,
590 857 938 936 tripartitam
972 855 1232 919 exhibui.

1498 1022 1544 1087 1.

645 1177 785 1260 Pag.
852 1177 952 1243 68.
1029 1181 1184 1260 apud
1254 1180 1522 1244 G‘eelium
1595 1180 1750 1243 haec
1811 1179 2124 1262 leguntur:
2203 1179 2330 1256 „De
2399 1176 2613 1238 Prota-

429 1300 623 1365 gorae
698 1292 893 1348 autem
957 1294 1153 1350 aetate
1225 1296 1288 1350 et
1350 1289 1532 1350 natali
1597 1288 1696 1349 die
1762 1287 2115 1351 incredibile
2176 1292 2271 1348 est
2331 1290 2611 1364 quantum

427 1393 507 1454 sit
546 1394 810 1455 virorum
852 1393 1164 1458 doctorum
1210 1403 1536 1458 certamen.
1622 1396 1879 1458 Maxima
1926 1394 2241 1457 difficultas
2286 1392 2426 1455 inde
2473 1394 2611 1454 ori-

425 1506 539 1576 tur,
581 1502 743 1580 quod
768 1503 1097 1566 Democriti
1137 1503 1462 1584 discipulus
1506 1522 1541 1566 a
1587 1502 1887 1584 plerisque
1931 1510 2199 1565 veterum
2252 1503 2606 1582 scriptorum

426 1609 791 1688 appellatur:
860 1612 1031 1674 cuius
1097 1619 1295 1678 tamen
1360 1612 1673 1693 aequalem
1735 1611 1831 1674 vel
1893 1628 2013 1716 quq
2075 1613 2363 1673 maiorem
2426 1610 2606 1671 etiam

424 1718 612 1779 fuisse
659 1738 793 1780 eum
841 1721 919 1781 ab
959 1719 1092 1782 aliis
1136 1721 1490 1782 ostenditur.
1578 1720 1703 1785 Nos
1764 1720 2003 1801 quidem
2066 1719 2225 1782 lianc
2278 1719 2439 1781 litem
2483 1735 2606 1782 un-

423 1843 598 1906 quam
643 1827 954 1890 diremtum
1001 1828 1076 1891 iri
1117 1845 1242 1896 non
1281 1836 1600 1911 putamus,
1657 1830 2011 1909 praesertim
2068 1847 2201 1892 cum
2245 1830 2432 1909 ipsius
2474 1829 2606 1890 De-
2697 1820 2702 1825 ’

418 1936 655 1997 mocriti
716 1944 885 1998 aetas
944 1938 1205 1999 omnium
1267 1954 1470 2000 rerum
1529 1937 1607 1999 sit
1665 1938 2079 2000 incertissima.
2183 1937 2339 2012 Quid
2401 1944 2603 2000 tamen

417 2044 595 2106 nobis
630 2043 1133 2107 verosimillimum
1178 2047 1473 2122 videatur,
1517 2063 1633 2128 age
1673 2047 1882 2127 paucis
1925 2046 2331 2109 ostendamus.
2412 2044 2601 2126 Apol-

421 2153 638 2215 lodoro
682 2160 834 2216 teste
880 2155 1034 2235 apud
1077 2156 1410 2236 Diogenem
1449 2155 1748 2217 Laertium
1792 2155 1892 2218 lib.
1936 2154 2007 2217 ll.
2049 2162 2109 2231 §.
2154 2155 2214 2217 7.
2264 2155 2413 2217 vixit
2434 2155 2601 2216 Ana-

418 2280 686 2344 xagoras
730 2265 893 2324 circa
940 2266 1440 2345 septuagesimam
1486 2264 1913 2345 olympiadem:
1954 2264 2041 2326 ibi
2067 2270 2263 2326 autem
2289 2256 2600 2327 numerum

417 2372 770 2433 mendosum
815 2389 955 2436 esse
998 2379 1357 2459 monuerunt
1400 2373 1514 2433 viri
1575 2372 1739 2434 docti
1803 2372 1879 2433 ad
1935 2390 2069 2433 eum
2129 2372 2328 2434 locum
2380 2372 2598 2452 quique

420 2478 735 2541 laudantur
775 2480 848 2539 ab
894 2478 1169 2541 Harlesio
1208 2479 1282 2541 ad
1317 2479 1575 2541 Fabricii
1598 2478 2025 2540 Bibliotliecam
2058 2480 2351 2542 Graecam
2393 2479 2495 2541 lib.
2520 2478 2593 2541 11.

416 2604 547 2667 cap.
595 2586 804 2648 XXlV.
851 2594 910 2661 ς.
958 2588 1017 2648 5.
1104 2588 1185 2649 At
1224 2604 1369 2648 mox
1416 2605 1495 2647 ex
1536 2586 1753 2649 eodem
1783 2587 2157 2668 Apollodoro
2198 2593 2400 2650 narrat
2440 2588 2597 2650 Dio-

413 2711 606 2776 genes
651 2701 945 2756 mortuum
987 2712 1125 2756 esse
1165 2696 1358 2775 primo
1402 2711 1562 2756 anno
1606 2696 2088 2777 septuagesimae
2119 2674 2371 2758 octavae
2396 2694 2596 2776 olym-

413 2802 646 2884 piadis;
713 2783 873 2883 quod
917 2821 1051 2865 cum
1101 2803 1178 2865 ob
1228 2803 1439 2865 multas
1483 2805 1752 2866 rationes
1797 2822 1833 2866 a
1873 2805 2017 2866 viris
2055 2804 2249 2866 doctis
2290 2804 2596 2884 probetur,

411 2910 532 2972 hoc
593 2913 673 2972 sit
737 2912 965 2972 initium
1026 2916 1273 2972 nostrae
1333 2912 1813 2993 computationis
1919 2917 2208 2975 Narratur
2267 2913 2489 2974 ibidem
2556 2929 2594 2973 a

411 3019 690 3099 Diogene
752 3018 979 3080 vixisse
1022 3019 1451 3100 Anaxagoram
1514 3021 1889 3100 septuaginta
1949 3020 2068 3082 duo
2118 3038 2351 3084 annos:
2415 3027 2594 3083 natus

409 3126 594 3206 igitur
643 3133 737 3187 est
800 3127 959 3188 circa
1029 3128 1470 3207 sexagesimam
1537 3127 1951 3208 olympiadem.
2038 3129 2167 3190 Fuit
2224 3134 2419 3191 autem
2462 3130 2593 3191 De·
2671 3151 2674 3154 ’

408 3235 697 3295 mocritus
739 3234 1135 3315 quadraginta
1182 3235 1355 3296 annis
1396 3236 1597 3297 iunior
1638 3236 2018 3317 Anaxagora
2055 3236 2208 3318 (vid.
2258 3238 2434 3318 Diog.
2487 3236 2591 3298 La.

406 3342 511 3403 lib.
541 3340 644 3403 IX.
693 3352 791 3419 §§·
837 3342 938 3403 34.
982 3348 1059 3403 et¹
1085 3343 1238 3418 410.
1323 3343 1509 3405 Natus
1551 3359 1701 3424 ergo
1750 3350 1843 3406 est
1888 3343 2224 3424 olympiade
2263 3351 2593 3426 septuage-

404 3452 573 3515 sima.
661 3449 780 3511 Cfr.
823 3451 1003 3511 etiam
1047 3451 1532 3514 Tennemannum
1571 3458 1715 3513 tom.
1751 3452 1795 3514 Ι.
1837 3470 1975 3535 pag.
2023 3454 2199 3515 271.“

534 3558 722 3631 Quum
747 3557 988 3620 Geelius
1014 3576 1250 3639 quoque
1271 3551 1637 3641 Protagorae
1680 3565 1936 3622 aetatem
1979 3578 2057 3622 ex
2075 3561 2402 3623 Democriti
2433 3566 2594 3622 tem-

404 3667 652 3748 poribus
679 3666 927 3729 definire
951 3668 1209 3746 studeat,
1249 3669 1309 3730 in
1331 3669 1657 3750 Democriti
1703 3687 1920 3731 annum
1958 3660 2214 3732 nat‘alem
2246 3669 2589 3752 diligentius
2687 3647 2694 3656 ⁴

408 3775 584 3837 nobis
641 3775 1062 3854 inquirendum
1116 3782 1230 3839 est.
1311 3775 1700 3859 Nequaquam
1758 3780 1919 3841 enim
1975 3783 2094 3840 tam
2151 3784 2243 3841 est
2300 3780 2588 3857 incertuS‚

405 3902 580 3965 quam
623 3882 835 3946 Geelio
871 3884 1128 3948 videtur.

572 3992 798 4053 Primus
843 4008 1019 4072 quem
1081 3991 1269 4055 attulit
1311 3991 1496 4054 ‚locus
1539 3998 1632 4054 est
1673 3981 1853 4073 Diog.
1894 3992 2088 4056 Laert.
2132 3990 2233 4052 lib.
2279 3991 2350 4053 ll.
2396 4004 2455 4072 §.
2500 3993 2539 4055 7
2568 4016 2585 4055 ε

406 4099 680 4179 Λέγεται
723 4098 793 4160 δὲ
836 4097 1332 4182 (Ἀναξαγόρας)
1373 4095 1532 4160 κατὰ
1576 4094 1693 4179 τήν
1730 4093 1970 4179 Ξέρξου
2017 4095 2312 4177 διάβασιν
2356 4094 2590 4163 εἴκοσιν

406 4200 559 4265 ἐτῶν
601 4196 780 4283 εἶναι,
820 4206 1192 4285 βεβιωκέναι
1237 4206 1307 4267 δὲ
1349 4200 1779 4286 ἑβδομήκοντα
1820 4204 1957 4267 δυό.
2046 4207 2219 4285 Φησὶ
2264 4206 2321 4269 δ’
2342 4203 2591 4271 Ἀπολ-

411 4310 683 4395 λόδωρος
725 4314 792 4376 ἐν
829 4318 959 4388 τοῖς
1003 4317 1342 4395 χρονικοῖς,
1383 4312 1758 4394 γεγενῆσθαι
1801 4309 1995 4376 citizen
2036 4315 2115 4397 τῇ
2150 4305 2587 4397 ἑβδομηκοστῇ
