2975 4959
1247 301 1785 374 —140—

440 494 669 575 σθῆναι
693 545 718 578 Q
782 490 867 567 ὥς
926 483 1084 576 όίλλη
1126 515 1221 566 τις
1264 490 1534 575 όρθότης
1577 486 1882 569 όνόματος
1922 482 1961 568 ἢ
2002 483 2281 570 ξυνθῆκη
2318 485 2427 550 κατ’
2462 482 2614 566 ὅμο-

438 601 639 680 λυγία.
724 598 868 678 ἐμοὶ
904 597 1028 682 γάρ
1071 600 1250 662 δοκεῖ
1268 646 1287 677 ,
1353 593 1449 662 ὅτι
1495 590 1573 661 ἔν
1620 597 1716 670 τίς
1758 619 1842 683 τῳ
1887 596 2086 677 θῆται
2131 584 2365 678 ὄνομα,
2427 596 2614 663 τοῦτο

435 703 598 772 εἶναι
638 704 704 771 τό
753 702 997 790 ὀρθόν·
1068 702 1191 768 ,καὶ
1246 699 1327 770 ἂν
1368 697 1560 779 αὖθίς
1609 727 1677 785 γε
1721 705 1931 783 ἕτερον
1972 705 2369 783 μεταθῆται,
2417 703 2614 766 ἐκεῖνο
2667 695 2674 705 ’

439 815 511 889 δὲ
551 815 775 895 μηκέτι
833 814 1028 898 καλῇ,
1091 805 1278 875 οὖδὲν
1323 802 1511 893 ἦττον
1577 807 1643 875 τό
1695 806 1953 890 ὕστερον
2009 811 2218 891 ὀρθῶς
2279 805 2449 890 ἔχειν
2502 812 2614 873 τοῦ

433 926 781 1004 προτέρου,
841 914 1052 1002 ὥσπερ
1112 927 1244 993 τοῖς
1300 921 1565 992 οἰκέταις
1617 918 1796 1001 ἡμεῖς
1856 920 2367 996 μετατιθέμεθα,
2429 917 2614 980 ου’δὲν

394 1048 399 1051 “
432 1020 619 1109 ἧττον
661 1030 830 1090 τοῦτ’
869 1021 1029 1090 εἶναι
1072 1026 1270 1109 ὄρθὸν
1307 1023 1376 1089 τό
1421 1029 1760 1106 μετατεθὲν
1800 1027 1915 1088 τοῦ
1959 1021 2263 1105 πρότερον
2304 1026 2609 1102 κειμένου·

432 1136 509 1198 ου’
543 1133 662 1215 γὰρ
709 1133 903 1218 φύσει
945 1129 1180 1220 ἑκάστῳ
1227 1137 1573 1217 πεφυκέναι
1639 1125 1830 1212 ’ὄνομα
1892 1132 2078 1195 οὐδὲν
2135 1123 2380 1210 oddoni,
2442 1130 2601 1194 άλλά

431 1237 601 1328 νόμῳ
641 1244 749 1304 καί
783 1237 914 1304 ἔθει
960 1244 1085 1304 ταῖν
1126 1238 1475 1304 ἐθισάντων
1515 1262 1583 1303 τε
1645 1238 1754 1303 καί
1804 1237 2177 1307 καλούντων.
2265 1238 2371 1302 Est
2426 1238 2609 1320 igitur

429 1346 751 1428 ὀνομάτων
795 1348 1064 1432 ὄρθότης
1120 1367 1195 1412 ea
1251 1368 1380 1413 rem
1423 1351 1580 1412 inter
1627 1351 1835 1430 reique
1877 1366 2097 1411 nomen
2145 1349 2298 1412 ratio
2340 1350 2609 1411 interce-

431 1458 628 1535 denS‚
687 1477 803 1540 qua
861 1477 1082 1521 nomen
1136 1460 1252 1521 rei
1286 1461 1621 1522 conveniat.
1704 1457 1879 1521 Conf
1934 1459 2092 1522 Crat
2137 1476 2275 1540 pag.
2319 1459 2460 1520 422.
2504 1459 2599 1520 D·

430 1565 621 1632 Ἀλλὰ
661 1564 788 1649 μὴν
830 1592 916 1629 ων
952 1589 1021 1646 γε
1066 1568 1175 1628 νῦν
1218 1562 1685 1649 διεληλύθαμεν
1726 1570 1851 1629 τῶν
1894 1565 2226 1646 ὀνομάτων
2250 1565 2289 1648 ἦ
2335 1563 2608 1649 όρθότης

430 1670 691 1758 τοιαύτη
737 1697 833 1748 τις
878 1676 1165 1754 ἐβούλετο
1209 1667 1395 1754 εἶναι,
1438 1672 1541 1737 οἱά
1588 1674 1816 1756 δηλοῦν
1857 1666 2051 1737 οἷον
2028 1674 2286 1738 έκαστόν
2323 1697 2457 1738 εστι
2482 1698 2606 1737 των

430 1804 644 1843 οντων.
710 1783 869 1864 Pag.
914 1778 1057 1847 428.
1101 1783 1180 1845 E:
1226 1778 1579 1861 Ὀνόματος,
1626 1785 1858 1866 φαμέν,
1903 1783 2176 1864 ὀρθότης
2213 1780 2385 1846 ἐστιν
2424 1805 2599 1865 αυτη,

429 1880 566 1969 ἥτις
610 1889 946 1965 ἐνδειξεται
990 1882 1121 1952 οἷόν
1164 1890 1299 1952 ἐστι
1341 1884 1408 1952 τὸ
1449 1892 1731 1972 πρᾶγμα.
1776 1891 2003 1952 Eadem
2041 1892 2224 1972 igitur
2262 1897 2354 1952 est
2389 1907 2603 1972 gram-

428 1999 783 2063 maticorum
840 2005 1105 2060 veterum
1165 2000 1471 2061 contentio
1529 1999 1664 2077 ilia,
1720 1997 1924 2061 utrum'
1962 2001 2052 2061 rei
2112 1999 2326 2079 cuique
2379 2004 2601 2060 nometi

424 2106 505 2167 sit
547 2102 738 2189 φύσει
796 2124 871 2168 an
920 2104 1089 2191 νόμῳ
1117 2159 1134 2185 ,
1198 2114 1374 2187 atque
1419 2106 1609 2186 haec,
1672 2107 1748 2190 de
1808 2124 1923 2189 qua
1966 2113 2028 2168 et
2076 2108 2138 2168 in
2190 2106 2429 2188 Cratylo
2471 2107 2600 2169 dis-

430 2215 691 2281 sentiunt
723 2222 794 2283 ,et
837 2222 874 2276 a
917 2215 1244 2296 Protagora
1287 2215 1497 2278 librum
1540 2232 1678 2277 esse
1726 2216 2124 2295 conscriptum
2166 2222 2407 2295 praeter
2449 2215 2601 2278 alios

429 2321 844 2387 Stalibaumius
901 2322 977 2384 ad
1041 2322 1196 2385 Crat.
1244 2341 1380 2405 pag.
1427 2324 1568 2388 391.
1614 2323 1659 2385 C
1702 2329 1764 2385 et
1798 2322 2046 2403 praefat.
2092 2340 2231 2405 pag.
2278 2322 2392 2403 16,
2450 2323 2604 2386 Ler-

432 2430 641 2493 sschius
685 2431 725 2493 i.
765 2430 802 2492 Ι.
847 2448 984 2511 pag.
1039 2431 1137 2494 18.
1179 2438 1239 2492 et
1282 2448 1336 2511 q.
1384 2449 1510 2512 seq.
1540 2478 1558 2509 ‚
1619 2431 1966 2494 Dittrichius
2023 2431 2255 2514 Proleg.
2320 2431 2398 2494 ad
2459 2431 2603 2494 Plat.

434 2541 592 2602 Crat.
635 2555 774 2619 pag.
825 2537 924 2601 29.
963 2543 1031 2601 'et
1075 2558 1132 2620 q.
1177 2558 1345 2621 seqq.
1404 2540 1776 2622 collegerunt
1822 2558 1900 2602 ex
1939 2558 2077 2622 pag.
2130 2541 2273 2605 391.
2326 2539 2401 2603 B:
2452 2532 2603 2624 ³09-

427 2646 667 2739 θοτάτη
707 2648 824 2725 μὲν
861 2646 968 2727 τῆς
1007 2651 1316 2728 σκέψεως,
1360 2639 1414 2710 αἶ
1451 2643 1666 2729 ἑταῖρε
1690 2693 1709 2728 ,
1760 2647 1919 2726 μετά
1978 2649 2105 2712 τῶν
2153 2649 2602 2728 ἐπισταμένων,

420 2754 726 2838 χρήματα
767 2757 1022 2832 ἐκείνοις
1062 2761 1359 2822 τελοῦντα
1419 2760 1528 2822 καί
1568 2757 1839 2840 χάριτας
1896 2758 2391 2837 κατατιθέμενον.
2476 2760 2605 2823 εἰσί

426 2862 501 2924 δὲ
556 2853 731 2926 οὗτοι
785 2860 844 2926 οἱ
903 2865 1275 2947 coepto-tal„
1311 2859 1524 2946 οἷσπερ
1593 2867 1701 2929 καί
1741 2860 1777 2926 ὅ
1818 2862 2096 2950 α’δελφός
2149 2886 2265 2928 σου
2311 2864 2603 2940 Καλλίας

425 2966 626 3031 πολλὰ
689 2971 948 3043 τελέσας
1004 2972 1303 3052 χρήματα
1362 2969 1563 3055 σοφός
1626 2974 1803 3034 δοκεῖ
1856 2966 2037 3040 εἶναι.
2120 2971 2336 3054 ἐπειδὴ
2381 2973 2452 3035 δὲ
2492 2971 2603 3035 ουίι

429 3074 738 3157 ἐγκρατὴς
783 3073 846 3139 εἶ
880 3079 1001 3139 τῶν
1053 3074 1403 3159 πατρώων,
1472 3084 1761 3158 λιπαρεῖν
1815 3077 1943 3161 χρῆ
2003 3075 2109 3142 τόν
2162 3076 2440 3164 α’δελφόν
2494 3075 2605 3142 καὶ

430 3183 683 3247 δεῖσθαι
727 3183 923 3247 αὐτοῦ
968 3183 1220 3260 διδάξαι
1255 3207 1327 3247 σε
1371 3182 1484 3267 τήν
1531 3182 1842 3269 ὀρθότητα
1900 3186 2045 3270 περὶ
2094 3189 2217 3251 τῶν
2268 3186 2596 3266 τοιούτων,

429 3282 510 3371 ἢν
558 3286 760 3370 ἔμαθε
804 3290 975 3374 παρὰ
1020 3293 1476 3375 Πρωταγόρου.
1512 3331 1592 3344 —-
1622 3295 1744 3359 Sed
1781 3301 1904 3358 tota
1950 3294 2125 3358 huius
2167 3294 2597 3358 loci·conditio

426 3397 563 3460 talis
603 3406 719 3478 est,
758 3406 822 3461 ut
864 3401 1150 3463 temerius
1189 3403 1392 3484 egisse
1429 3403 1779 3485 videantur,
1809 3406 1911 3486 qui
1950 3423 1987 3468 a
2024 3405 2356 3485 Protagora
2400 3401 2601 3464 nomi·-

408 3514 567 3568 'num
627 3507 1039 3570 rectitudinem
1091 3515 1400 3572 tractatam
1448 3528 1586 3574 esse
1633 3511 1776 3574 inde
1821 3511 2233 3574 demonstrare
2272 3510 2601 3574 voluerint:

427 3615 576 3678 Nam
626 3632 748 3678 non
806 3618 935 3697 ipsa
980 3612 1128 3703 περὶ
1167 3612 1489 3696 ὀνομάτων
1530 3615 1869 3700 ὀρθότητος
1910 3619 2183 3682 doctrina
2229 3620 2597 3700 Protagorae

424 3723 718 3784 tribuitur.
806 3722 977 3785 Conf.
1025 3742 1180 3806 quae
1223 3727 1499 3806 proxime
1547 3725 1954 3806 praecedunt:
2016 3724 2148 3790 ΣΩ.
2219 3725 2481 3789 Ου’κοῦν
2521 3724 2592 3790 τὸ

422 3825 578 3909 μετά
635 3832 820 3893 τοῦτο
879 3828 1004 3913 χρῆ
1060 3833 1297 3916 ζητεῖν,
1355 3829 1529 3912 εἴπερ
1587 3834 1920 3913 ἐπιθυμεῖς
1963 3835 2232 3913 εἶδέναι,
2292 3828 2423 3916 ἥτις
2467 3836 2599 3897 ποτ’

428 3925 522 3997 αὖ
562 3934 731 3998 ἐστίν
774 3933 1057 4020 αὶῗτοῦἧ
1106 3933 1391 4022 ὀρθότης.
1476 3941 1692 4003 ΕΡΜ.
1745 3937 1940 4009 Ἀλλά
1989 3936 2116 4021 μήν
2179 3941 2478 4020 ἐπιθυμῶ
2528 3961 2598 4020 γε

423 4041 676 4106 εἰδέναι.
763 4045 893 4107 ΣΩ.
944 4044 1173 4109 Σκόπει
1208 4049 1438 4110 τοίνυν.
1526 4050 1743 4112 ΕΡΜ.
1786 4049 1949 4123 Πῶς
1989 4040 2103 4127 οὖν
2143 4043 2266 4130 χρὴ
2310 4055 2599 4127 σκοπεῖν;

422 4149 1090 4235 Hermogenem-igitur
1130 4174 1244 4237 qua
1277 4157 1509 4218 ratione
1550 4156 1965 4237 inquirendum
2010 4157 2087 4218 sit
2129 4159 2605 4239 interrogantem

421 4258 499 4320 ad
547 4259 848 4339 sophistas
890 4261 1169 4343 delegat,
1213 4265 1312 4343 qui
1357 4263 1589 4325 scilicet
1630 4269 1855 4325 rectam
1885 4264 2240 4353 ‚inquirendi
2284 4271 2345 4327 et
2384 4265 2601 4344 dispu-

420 4365 585 4428 tandi
646 4362 940 4431 rationem
1003 4385 1218 4452 magna
1277 4369 1561 4434 mercede
1624 4370 1899 4435 doceant.
1998 4370 2498 4454 Atque.Calliam
2554 4390 2596 4434 a
