2975 4959
1227 291 1522 383 ..-'19
1620 358 1722 372 ...-

388 503 822 586 octogesimum
892 520 1080 587 usque
1151 505 1362 568 aetatis
1433 513 1686 568 annum“
1751 504 2196 587 peregrinatum
2250 517 2389 567 esse
2457 507 2559 567 ait.

387 612 533 675 Eius
572 612 830 693 vestigia
871 620 1220 692 presserunt
1241 612 1435 676 Clinto
1481 614 1912 696 etKruegerus
1952 613 2108 676 Fast.
2150 613 2301 675 Heli.
2334 632 2390 676 a.
2418 614 2561 677 381.

386 721 665 782 Freretus
705 737 853 781 vero
895 718 1015 783 σὺν
1057 727 1188 793 racc
1230 720 1290 781 δ’
1332 717 1440 782 ἐπὶ
1478 722 1635 783 πᾶσι
1687 738 1811 783 non
1865 738 2035 799 „cum
2095 721 2373 784 omnibus
2432 721 2582 798 istis⁸

385 827 653 908 popuiis“
695 827 1038 909 significare
1062 872 1081 906 ‚
1124 825 1236 888 sed
1272 823 1390 891 miv
1431 837 1557 900 τοῖς
1602 827 1681 890 ad
1727 828 1894 891 solos
1937 827 2319 891 referendum
2363 828 2561 907 Arpe-

391 937 682 1016 donaptas
743 951 1173 1016 numerumque
1217 936 1438 998 mendo
1482 935 1757 1000 affectum
1805 954 1943 1000 esse
1987 943 2154 1000 recte
2195 938 2433 1019 quidem
2461 940 2563 999 in-

385 1044 647 1108 tellexit:
693 1044 890 1106 minus
933 1050 1100 1106 recte
1141 1045 1501 1107 emendavit.
1590 1045 1734 1108 Cum
1783 1046 1941 1106 enim
1984 1046 2161 1107 Diod.
2203 1044 2469 1130 Sic.‘lib.
2512 1044 2558 1106 Ι.

389 1170 518 1233 cap.
561 1151 814 1213 xcvm.
871 1158 930 1226 S.
972 1151 1030 1213 3.
1066 1146 1614 1231 Ὑπολαμβάνουσι
1657 1155 1727 1216 δὲ
1787 1150 1900 1216 κατ’
1958 1149 2351 1236 Δημόκριτον
2410 1154 2558 1235 παρ’

384 1262 594 1334 αὐτοῖς
630 1262 786 1344 (τοῖς
826 1260 1237 1343 Αἰγυπτίοις)
1278 1255 1386 1342 ἔτη
1428 1261 1767 1341 διατρῖψαι
1806 1261 1985 1324 πέντε
2029 1259 2225 1339 dicat,
2280 1277 2392 1340 pro
2449 1259 2563 1339 o’y-

383 1362 661 1430 ὸιόκοντα
707 1367 862 1447 apud
913 1366 1275 1429 Clementem
1320 1366 1640 1449 legendum
1684 1385 1822 1431 esse
1862 1371 2042 1431 πέντε
2080 1366 2378 1448 persuasit
2415 1366 2559 1429 mihi

380 1475 884 1556 Pappencordtius
948 1475 1026 1537 de
1090 1477 1326 1538 atomic.
1406 1475 1599 1538 doctr.
1666 1492 1831 1556 spec.
1884 1476 1932 1538 1.
1990 1493 2128 1557 pag.
2189 1474 2265 1538 10
2292 1520 2313 1553 ,
2384 1476 2556 1537 cuius

385 1561 864 1645 emendationem
932 1581 1281 1645 Mullachius
1347 1599 1485 1664 pag.
1556 1582 1652 1645 19.
1727 1584 1808 1645 ita
1873 1582 2116 1645 exhibet
2145 1634 2164 1666 ,
2234 1591 2298 1646 ut
2361 1584 2554 1664 ipsum

378 1693 631 1773 primum
695 1692 826 1753 eius
893 1697 1201 1753 auctorem
1266 1690 1454 1753 fuisse
1518 1697 1711 1771 putes.
1817 1691 2326 1773 Pappeucordtius
2394 1693 2555 1753 enim

382 1800 540 1879 apud
581 1799 983 1861 Democritum
1038 1816 1158 1862 nec
1223 1800 1405 1862 πέντε
1448 1816 1647 1880 neque
1704 1797 2063 1878 ὀγδώκοντα
2116 1800 2353 1881 integro
2408 1817 2559 1861 ver-

385 1906 468 1967 bo
532 1908 813 1985 scriptum
869 1907 1055 1969 fuisse
1107 1912 1311 1988 putat,
1373 1907 1484 1969 sed
1544 1908 1781 1989 signum
1826 1911 1897 1970 Π
1927 1954 1948 1987 ,
2005 1924 2124 1989 quo
2178 1908 2242 1970 in
2299 1907 2555 1988 antiquis

384 2014 752 2077 Graecorum
821 2017 1219 2077 monumentis
1247 2061 1268 2094 ‚
1351 2015 1549 2095 qualia
1615 2015 1853 2079 fuerunt
1920 2016 2252 2079 Democriti
2313 2016 2559 2096 scripta,

381 2125 566 2185 πέντε
612 2122 808 2199 (conf.
856 2122 1059 2185 Matth.
1118 2140 1368 2204 gramm.
1414 2141 1509 2204 gr.
1555 2128 1696 2185 tom.
1736 2122 1782 2184 1.
1839 2139 1979 2205 pag.
2029 2125 2129 2185 24.
2187 2130 2392 2189 annot.
2435 2125 2555 2204 4.)‚
2619 2169 2624 2174 -

380 2230 719 2311 posteriore
762 2247 910 2293 vero
952 2236 1149 2293 aetate
1207 2226 1589 2312 ὄγδοήκοντα
1633 2232 1757 2314 (π’)
1791 2229 2259 2312 significabatur.
2339 2230 2556 2293 Cetera

383 2345 579 2400 autem
640 2338 814 2401 huius
876 2338 997 2400 loci
1062 2336 1252 2400 verba
1310 2336 1381 2399 H.
1430 2336 1642 2400 Ritteri
1703 2337 1773 2400 L.
1818 2337 2061 2401 Prelleri
2130 2337 2266 2401 hist.
2331 2336 2553 2418 philos.

381 2448 825 2511 Graeco-Rom.
861 2447 1249 2510 annotatione
1287 2464 1424 2528 pag.
1450 2446 1553 2508 42.
1598 2448 1679 2509 ita
1720 2454 1858 2509 sunt
1895 2447 2203 2511 restituta:
2246 2448 2554 2533 Ἀρπεὸο-

376 2556 629 2635 ναίηται,
669 2551 791 2619 σύν
832 2561 992 2644 τοῖσι
1028 2554 1122 2619 ἐπ’
1165 2549 1310 2617 ἔτεα
1351 2554 1532 2618 πέντε
1571 2553 1889 2638 ἐγενόμην.

544 2663 667 2725 Iam
713 2681 867 2744 quae
915 2664 1184 2743 sequitur
1224 2661 1876 2725 Freretisatiociuatio
1925 2664 2186 2727 omnium
2237 2670 2331 2726 est
2378 2663 2553 2726 vilis-

376 2772 546 2834 sima.
590 2773 924 2852 FaciamuS‚
953 2773 1159 2853 inquit,
1177 2772 1605 2850 Democritum,
1644 2778 1845 2835 natum
1887 2791 1996 2852 „au
2025 2773 2155 2854 plus
2180 2772 2346 2835 tard“
2388 2789 2550 2833 anno

375 2879 499 2941 494
519 2925 539 2957 ,
582 2881 772 2942 virum
821 2880 1009 2944 fuisse
1049 2881 1294 2962 triginta
1352 2880 1614 2962 quinque
1651 2880 1750 2943 vel
1795 2880 2193 2961 quadraginta
2238 2897 2552 2959 annorum,

377 3006 512 3050 cum
573 2989 631 3049 in
693 2989 1115 3070 discipulorum
1166 3006 1475 3052 numerum
1536 2988 1836 3068 reciperet
1891 2990 2281 3072 Protagoram
2305 3036 2325 3070 ‚
2385 2989 2550 3050 huuc

374 3113 526 3159 vero
574 3114 791 3158 novem
835 3095 934 3157 vel
977 3095 1188 3158 decem
1232 3097 1408 3158 annis
1447 3101 1587 3177 post
1627 3112 1662 3156 a
1703 3096 1992 3177 magistro
2030 3097 2278 3176 eiusque
2320 3092 2548 3174 scholis

379 3204 731 3267 divertisse:
779 3202 1100 3283 discipulus
1125 3209 1256 3266 erat
1272 3203 1633 3286 Protagoras
1656 3204 1731 3266 ab
1761 3221 1922 3266 anno
1948 3203 2077 3267 fere
2104 3204 2247 3267 460.
2278 3202 2358 3266 ad
2402 3198 2548 3266 450.

377 3316 523 3377 Cum
550 3332 697 3376 vero
722 3319 987 3375 mortuus
1012 3313 1090 3374 sit
1112 3329 1304 3393 paene
1344 3314 1841 3395 septuagenarius
1885 3320 2191 3394 artemque
2213 3311 2554 3374 exercuerit

372 3422 505 3503 plus
546 3424 942 3504 quadraginta
986 3439 1218 3501 annos,
1263 3438 1429 3483 mors
1475 3423 1608 3484 eius
1645 3439 1760 3501 „au
1808 3420 2028 3502 pluuW
2073 3421 2285 3484 incidit
2325 3422 2552 3481 inan-

371 3549 510 3594 num
551 3530 806 3596 410.--
839 3532 968 3606 Qua
1009 3532 1071 3593 in
1114 3532 1633 3611 argumentatione
1675 3531 1818 3612 quid
1859 3532 2000 3594 insit
2040 3529 2332 3592 firmitatis
2371 3528 2549 3609 equi-

370 3641 507 3703 dem
550 3658 669 3723 ego
695 3659 819 3703 non
840 3641 1042 3705 video.
1089 3641 1281 3714 Quam
1318 3643 1478 3704 enim
1521 3659 1715 3723 vagae
1756 3649 1890 3704 sunt
1929 3641 2314 3703 coniecturae
2358 3642 2547 3704 istae:

372 3750 772 3830 „Supposon8‚
818 3768 935 3830 que
976 3749 1341 3828 Democrite‚
1386 3751 1568 3812 nean
1595 3750 1726 3830 plus
1767 3750 1903 3813 tard
1948 3767 2024 3811 en
2065 3749 2209 3827 494,
2251 3752 2351 3812 eut
2377 3756 2548 3811 tren-

367 3858 598 3938 te-cinq
641 3861 685 3921 ἀ,
723 3865 1023 3939 quar-ante
1061 3876 1172 3921 ans
1219 3859 1486 3941 lorsqu'ii
1533 3859 1823 3922 s'attacha
1873 3859 1910 3921 a
1954 3858 2203 3922 cultiver
2230 3859 2321 3921 les
2353 3860 2544 3921 talens

364 3967 629 4030 naturels
673 3969 748 4030 du
787 3968 1346 4049 jeuneProtagore
1373 4014 1396 4043 ,
1454 3974 1518 4030 et
1569 3968 1848 4031 donnons
1886 3968 2042 4048 neus
2082 3986 2163 4030 ou
2206 3968 2313 4031 dix
2351 3985 2461 4029 ans
2504 3968 2541 4030 a

362 4081 523 4137 cette
566 4076 955 4139 education“t
1039 4074 1316 4152 Accedit,
1360 4075 1544 4156 quod,
1587 4078 1639 4139 si
1683 4095 1762 4139 ex
1805 4078 1881 4140 iis
1921 4078 2115 4157 annis,
2160 4076 2371 4157 quibus
2407 4078 2538 4138 De·-

361 4182 675 4242 mocritum
733 4177 935 4246 natum
995 4184 1235 4246 tradunt
1280 4184 1638 4263 scriptoreS,
1704 4202 1883 4247 unum
1927 4183 2205 4246 Freretus
2244 4181 2535 4244 exhibere

362 4288 593 4367 voluit,
670 4292 865 4371 magis
930 4307 1065 4351 cum
1130 4289 1315 4370 ipsius
1379 4289 1617 4351 ratione
1684 4291 2070 4352 convenisset
2136 4305 2354 4351 annum
2419 4288 2535 4349 eli-

360 4414 512 4479 gere
577 4396 718 4462 509.
782 4398 878 4460 vel
937 4398 1059 4462 510
1084 4444 1102 4479 ‚
1171 4416 1346 4479 quam
1404 4397 1553 4462 494.
1658 4398 1814 4496 Nam⁸
1859 4416 1968 4480 per
2027 4403 2210 4461 totam
2261 4397 2532 4478 disputa-
