2975 4959
1159 306 1699 417 -5-157-

341 522 437 572 τις
466 498 638 578 ‘nepe'
679 494 889 560 αὐτῶν
933 490 1170 559 τούτων
1226 498 1582 577 συγγένοιτο
1643 492 1886 581 ὁτῳοῦν
1949 495 2071 555 τῶν
2135 490 2529 575 δημηγόρον,

341 604 486 685 τάχ’
530 596 612 668 ὃν
648 608 760 668 καί
793 603 1115 676 τοιούτους
1173 600 1394 683 λόγους
1435 598 1762 664 α’κοιῖσειεν
1806 595 1847 681 ἢ
1890 601 2282 679 Περικλέους
2330 594 2372 681 ἢ
2415 592 2530 662 ὅλ-

343 720 459 777 λου
505 709 674 786 τινὸς
720 714 842 774 τῶν
884 707 1117 773 ἱκανῶν
1149 711 1363 773 εἰπεῖν·
1411 711 1473 773 εἴ
1491 712 1561 772 δὲ
1603 706 1969 790 ἐπανέροιτό
2014 703 2152 770 τινά
2197 732 2276 784 τι,
2317 699 2529 786 ὥσπερ

344 823 564 901 βιβλία
605 817 791 882 οὐδὲν
831 813 1088 898 ἔχουσιν
1133 808 1275 878 οὕτε
1318 816 1784 895 ἀποκρίνασθαι
1827 806 1971 877 οὔτε
2014 815 2200 877 αὐτοὶ
2249 815 2531 892 ἐρέσθαι.

342 929 482 991 ἀλλ’
522 921 636 990 ἐάν
674 949 770 999 τις
810 928 921 987 καί
957 923 1224 1004 σμικρόν
1268 920 1630 1009 ἐπερωτήσῃ
1673 946 1731 986 τι
1772 925 1899 986 τῶν
1940 922 2279 1004 ῥηθέντων,
2320 914 2532 1001 ὥσπερ

348 1034 426 1099 τοὶ
466 1040 728 1116 χαλκεῖα
769 1035 1072 1115 πληγέντα
1112 1030 1359 1112 μακρόν
1407 1029 1560 1111 ἧχεῖ
1594 1033 1701 1093 καί
1743 1024 2076 1110 ἀποτείνει,
2116 1027 2225 1092 ἐὰν
2265 1027 2352 1109 μή
2397 1031 2534 1093 ἐπι-

353 1140 629 1224 λάβηταί
663 1162 775 1219 τις,
819 1141 928 1203 καί
969 1137 1028 1204 οἱ
1073 1138 1328 1223 ῥήτορες
1375 1132 1544 1200 οὕτω
1564 1137 1798 1218 σμικροὶ
1832 1139 2254 1218 ἐρωτηθέντες
2278 1133 2536 1217 δολιχόν

353 1250 784 1312 κατατείνουσι
826 1249 942 1311 τοῦ
981 1246 1191 1328 λόγου.
1261 1244 1701 1327 Πρωταγόρας
1746 1247 1815 1308 δὲ
1863 1239 1970 1307 ὅδε
2014 1241 2226 1317 ἱκανός
2262 1245 2380 1323 μὲν
2406 1266 2534 1320 μα·-

351 1353 539 1437 κροῦς
594 1354 819 1448 λόγους
877 1353 989 1419 καί
1026 1353 1259 1427 καλοῦς
1300 1356 1534 1432 εἰπεῖν,
1593 1349 1678 1427 ὥς
1724 1351 1890 1416 αὐτὰ
1938 1355 2154 1434 δηλοῖ,
2212 1347 2422 1424 ἱκανός
2465 1352 2536 1414 δὲ

352 1466 464 1526 καί
487 1462 840 1545 ’ἐρωτηθεὶς
882 1462 1351 1545 ἀποκρίνασθαι
1392 1458 1548 1524 κατὰ
1588 1456 1803 1541 βραχύ
1867 1459 1976 1522 καὶ
2019 1455 2315 1539 ἐρόμενος
2360 1480 2538 1538 περι-

348 1573 573 1649 μεῖναί
625 1593 692 1641 τε
751 1568 862 1633 καὶ
914 1569 1351 1646 ἀποδέξασθαι
1404 1567 1521 1649 τὴν
1582 1567 1954 1649 ἀπόκρισιν,
2015 1561 2062 1627 ἃ
2114 1565 2347 1646 ὀλίγοις
2403 1565 2541 1627 ἐστι’

353 1678 932 1759 παρεσκευασμένα.
1018 1676 1123 1739 Cui
1173 1677 1542 1759 Protagorae
1602 1674 1927 1737 laudationi
1989 1674 2325 1737 irrisionem
2388 1674 2541 1735 sub-

355 1803 495 1848 esse
542 1785 839 1848 neminem
884 1783 1055 1868 sugit.
1137 1786 1284 1848 Nam
1330 1788 1430 1867 qui
1472 1789 1879 1866 interrogatus
1927 1802 2178 1866 magnas
2228 1784 2543 1846 orationes

361 1893 589 1971 fundit,
648 1902 827 1975 atque
869 1900 935 1956 ut
991 1911 1098 1957 aes
1157 1912 1507 1973 percussum
1567 1893 1791 1955 tamdiu
1850 1900 2095 1955 resonat
2137 1910 2310 1973 quam
2356 1908 2538 1954 nemo

356 2003 712 2083 interpellat,
753 2002 861 2064 sed
886 2002 963 2064 ad
1005 2010 1202 2065 certas
1248 2003 1760 2083 interrogationes
1803 2002 2010 2082 paucis
2050 2003 2349 2080 certisque
2392 2018 2541 2063 ver-

359 2112 454 2173 bis
499 2112 871 2191 respondere
915 2117 1163 2174 coactus
1219 2113 1527 2174 erroribus
1576 2109 1942 2190 implicatur,
2000 2110 2128 2189 ipse
2183 2117 2276 2170 est
2327 2110 2545 2172 Prota-

360 2237 585 2301 goraS,
649 2218 839 2299 qualis
886 2237 920 2280 a
966 2219 1210 2282 Platone
1272 2219 1513 2299 quidem
1554 2218 1935 2280 describitur.
2032 2217 2206 2280 Conf.
2268 2217 2539 2280 Philostr.

365 2345 506 2409 pag.
548 2324 690 2390 495.
737 2336 825 2407 (p.
878 2330 972 2391 15.
1016 2328 1272 2414 KaYS.):
1316 2330 1376 2390 Γ
1373 2325 1522 2399 νούς
1565 2328 1637 2388 δὲ
1669 2323 1777 2388 τόν
1801 2323 2244 2407 Πρωταγόραν
2290 2321 2549 2388 ὄΠλοί...

363 2459 490 2498 των
528 2436 773 2511 σεμνῶς
814 2436 931 2513 μὲν
970 2429 1391 2517 ἑρμηνεύοντα
1417 2478 1438 2508 ,
1484 2429 1935 2508 ἐνυπτιοὶζοντα
1984 2433 2052 2496 δὲ
2096 2432 2174 2519 τῇ
2214 2428 2545 2515 σεμνότητι

366 2542 480 2605 καί
509 2563 630 2604 που
669 2542 786 2629 ,καί
823 2539 1374 2624 μακρόλογωτερον
1414 2541 1529 2603 τοῦ
1570 2542 1955 2621 συμμέτρου,
1990 2537 2104 2622 τὴν
2141 2540 2315 2604 ἰδέαν
2344 2539 2547 2601 αὐτου

370 2650 558 2735 μύθῳ
603 2651 825 2733 μακρῷ
873 2646 1385 2730 ἐχαρακτήρισεν.
1470 2647 1901 2729 Progrediente
1967 2648 2365 2728 disputatione
2429 2649 2547 2713 iam

374 2757 760 2839 Protagoram
802 2757 1083 2836 colloquii
1124 2758 1325 2838 piget:
1388 2758 1622 2821 Socrati
1667 2757 2024 2837 quaerenti,
2068 2762 2258 2817 utrum
2299 2758 2549 2836 primum

376 2865 755 2948 Protagorae
787 2865 1142 2928 sententiam
1187 2883 1261 2926 an
1302 2866 1465 2946 vulgi
1505 2864 1699 2929 refelli
1742 2865 1923 2942 malit,
1962 2866 2077 2926 iam
2123 2883 2191 2927 se
2233 2864 2548 2926 liberatum

376 2975 650 3056 gaudens
706 2973 869 3055 vulgi
934 2974 1278 3053 opinionem
1326 2972 1541 3037 suadet
1586 2978 1650 3034 ut
1697 2974 1859 3053 prius
1902 2971 2000 3034 ille
2038 2972 2289 3034 refellat.
2376 2972 2552 3047 Quod

381 3099 511 3144 cum
554 3082 836 3145 Socrates
894 3098 999 3144 sua
1058 3080 1202 3143 nihil
1265 3081 1563 3145 interesse
1621 3079 1891 3160 diceret,
1953 3080 2133 3143 modo
2192 3081 2555 3162 Protagoras

376 3190 538 3270 vulgi
599 3207 838 3252 causam
899 3206 1083 3271 agere
1142 3207 1261 3252 non
1322 3195 1785 3270 aspernaretur,
1839 3186 1909 3252 τό
1966 3191 2085 3269 μὲν
2140 3180 2249 3251 οὖν
2308 3192 2555 3267 πρῶτον

375 3296 832 3370 ἐκαλλωπίζετο
896 3293 1044 3375 ἡμῖν
1107 3292 1139 3355 ὅ
1198 3294 1676 3378 Πρωταγόρας·
1757 3292 1867 3358 τόν
1922 3293 2046 3375 γάρ
2107 3292 2284 3376 λόγον
2335 3294 2554 3381 ᾐτιᾶτο

380 3403 664 3483 δυσχερῆ
735 3394 894 3463 εἶναι
919 3425 936 3442 ·
1047 3398 1259 3464 ἔπειτα
1322 3404 1540 3480 μέντοι
1598 3398 2039 3484 συνεχώρησεν
2104 3403 2557 3482 α’ποκρήιεσθαι

383 3519 553 3591 (pag.
595 3510 739 3572 333.
783 3509 886 3585 D).
970 3509 1178 3589 Atque,
1217 3509 1415 3572 subito
1462 3512 1836 3597 utpriorem
1879 3508 2152 3590 α’ποριάν
2192 3511 2414 3572 sarciat
2456 3508 2557 3571 in·-

381 3623 723 3699 terrogatus
790 3622 983 3679 utrum
1054 3617 1258 3679 inutile
1322 3616 1482 3680 dicat
1551 3618 1709 3700 quod
1775 3618 2115 3681 bominibus
2174 3619 2253 3679 sit
2311 3617 2559 3697 inutile,

381 3744 456 3787 an
507 3727 749 3789 omnino
809 3724 1051 3803 inutile,
1117 3732 1177 3788 et
1231 3733 1422 3789 utrum
1471 3727 1630 3789 idem
1671 3733 1835 3808 putet
1875 3727 2111 3815 ,bonum
2170 3733 2346 3806 atque
2390 3725 2556 3806 utile,

388 3834 503 3897 bac
548 3836 877 3897 occasione
924 3840 1158 3914 arrepta
1201 3833 1443 3917 longam
1485 3835 1697 3896 inserit
1735 3834 2226 3915 disputationem:
2275 3835 2463 3916 probe
2489 3853 2561 3898 se

381 3943 542 4005 scire
566 3986 585 4018 ,
646 3940 759 4003 alia
809 3959 949 4004 esse
990 3928 1329 4005 bominibus
1370 3943 1576 4018 utilia,
1629 3943 1744 4006 alia
1783 3943 2099 4007 arboribus
2124 3989 2143 4021 ,
2200 3943 2315 4006 alia
2362 3944 2558 4024 equis,

380 4050 653 4128 canibuS,
702 4049 932 4127 bubus3
979 4057 1211 4112 stercus
1255 4050 1398 4113 utile
1441 4048 1679 4130 quidem
1727 4063 1865 4112 esse
1907 4052 2185 4115 arborum
2229 4051 2556 4130 radicibus,
2603 4088 2608 4093 -

378 4158 489 4222 sed
556 4158 732 4219 novis
807 4159 1176 4239 germinibus
1246 4159 1526 4223 iniectum
1596 4159 2006 4236 contrarium3
2079 4159 2275 4221 oleum
2340 4159 2556 4240 plantis

378 4266 616 4347 quidem
691 4266 1129 4346 bestiarumque
1197 4268 1332 4348 pilis
1405 4267 1665 4329 omnium
1725 4268 2134 4348 perniciosum
2162 4310 2180 4345 ,
2249 4268 2554 4331 bominum

377 4392 528 4438 vero
573 4374 838 4437 crinibus
880 4374 1057 4437 valde
1097 4375 1285 4455 utile;
1351 4382 1412 4439 et
1449 4393 1603 4457 quae
1646 4383 1785 4440 sunt
1827 4376 1957 4440 eius
2008 4377 2186 4469 modi¹
2219 4375 2375 4452 (vid.
2417 4392 2557 4458 pag.
