2975 4959
1195 278 1294 304 -—·
1384 249 1539 316 ,113
1643 283 1750 293 —--·

373 434 597 518 quibas
635 436 697 499 in
741 433 971 499 illorum
1019 438 1214 496 locum
1252 434 1537 513 repositis
1576 435 1678 515 pio
1719 432 1918 514 populi
1975 433 2182 496 sensui
2226 433 2551 496 satisface-

372 551 550 618 rent,
592 547 789 606 inanis
835 542 1011 605 studii
1051 560 1277 624 poenas
1325 541 1636 605 dederunt.
1721 547 1917 623 Atque
1960 541 2272 622 profecto,
2314 545 2372 605 si
2413 545 2545 623 quis

367 653 547 715 talem
589 652 1014 714 dubitationem
1058 652 1427 732 Protagorae
1470 652 1532 712 in
1577 652 1829 729 crimine
1866 667 2095 731 ponere
2142 650 2327 728 velit,
2388 652 2547 713 idem

371 763 435 824 in
478 760 764 841 plurimos
823 758 1000 822 cadat
1055 759 1210 822 illius
1268 761 1555 839 temporis
1616 759 2049 841 philosophos:
2118 764 2183 822 ut
2237 739 2378 821 hoc
2411 766 2552 821 tan-

372 869 678 931 tummodo
748 868 903 930 inter
969 874 1258 947 utrosque
1332 869 1564 930 intersit
1591 918 1609 948 ‚
1682 869 1842 949 quod
1911 868 2306 944 sententiam,
2372 885 2549 948 quam

376 980 566 1041 ceteri
611 976 704 1038 vel
746 978 1004 1041 reticere
1045 980 1315 1058 prorsus‘
1342 977 1434 1038 vel
1481 984 1648 1040 certe
1686 994 1809 1039 non
1858 976 2066 1056 planis·
2102 977 2306 1038 verbis
2350 977 2550 1057 expli-

377 1103 521 1148 care
562 1086 750 1167 satius
793 1084 1087 1161 duxerint,
1125 1085 1252 1164 ipse
1284 1084 1343 1146 in
1387 1084 1646 1147 omniurn
1687 1085 1932 1146 auribus
1971 1085 2231 1164 ingenue
2274 1082 2552 1165 proloqui

374 1197 455 1255 sit
494 1210 692 1255 ausus,
756 1194 1033 1282 Attamen
1080 1193 1263 1274 vulgo
1313 1192 1390 1253 de
1433 1192 1764 1274 Protagora
1804 1191 1922 1255 hoc
1966 1194 2155 1272 ipsum
2213 1192 2294 1253 ob
2355 1192 2552 1272 placi·-

381 1310 500 1363 tum
559 1302 815 1382 iniquius
883 1301 1195 1365 iudicant..
1257 1299 1333 1363 Ut
1375 1318 1590 1362 omnes
1646 1300 1721 1362 de
1769 1317 1887 1377 eo,
1957 1301 2116 1380 quod
2171 1300 2285 1380 ipsi
2345 1318 2553 1365 verum

380 1423 520 1472 esse
563 1411 919 1486 videbatur,
980 1411 1304 1489 edoceret,
1369 1427 1704 1490 quanquam
1758 1426 1827 1470 se
1872 1409 2254 1489 plurimorum
2297 1410 2555 1471 invidias

378 1526 563 1600 atque·
600 1519 740 1581 odia
782 1519 900 1580 sibi
946 1524 1390 1580 contracturum
1437 1519 1685 1580 aliorum
1731 1518 2020 1597 exemplis
2063 1518 2317 1579 edoctus
2361 1519 2554 1598 probe

376 1626 642 1704 sciebat,
694 1625 1070 1707 periculosae
1115 1626 1347 1706 plenum
1394 1643 1544 1707 opus
1590 1625 1760 1687 aleae
1800 1631 2059 1687 tractare
2103 1644 2225 1686 non
2268 1627 2555 1688 reformi-

379 1736 602 1812 dabat,
659 1733 771 1798 sed
825 1734 1178 1797 sententiam
1241 1752 1407 1797 suam
1456 1734 1611 1796 libro
1675 1735 2004 1815 expositam
2060 1737 2555 1816 septuagenarius

377 1843 605 1924 publici
666 1843 808 1904 iuris
866 1842 1029 1904 fecit.
1118 1841 1232 1904 Vix
1288 1857 1437 1904 vero
1496 1847 1698 1903 certae
1758 1859 1826 1902 se
1870 1842 2200 1903 obiecisset
2241 1843 2555 1923 perniciei,

379 1952 497 2014 nisi
540 1952 618 2014 de
643 1969 790 2014 suae
831 1952 1164 2013 sententiae
1203 1952 1455 2013 veritate
1479 1956 1657 2029 atque
1682 1951 1885 2029 operis
1929 1954 2190 2032 suscepti
2235 1957 2557 2030 praestan-

351 2062 461 2146 .tia
496 2059 618 2141 ¹ipsi
661 2076 1011 2139 persuasum
1078 2059 1305 2122 fuisset.
1392 2065 1588 2138 Atque
1646 2057 1790 2123 mihi
1834 2058 2073 2138 quidem
2131 2059 2268 2120 talia
2331 2060 2553 2121 verba:

378 2170 509 2248 „An
554 2169 672 2230 sint
722 2169 819 2230 dei
863 2185 940 2230 an
986 2182 1107 2229 non
1154 2167 1292 2243 sint,
1339 2183 1458 2248 ego
1506 2166 1757 2227 nescio:
1801 2166 1978 2227 multa
2020 2167 2175 2228 enim
2219 2174 2376 2244 sunt,
2418 2169 2553 2246 qui..

379 2277 492 2340 bus
530 2278 844 2357 quominus
884 2278 1146 2337 sciamus
1185 2275 1656 2355 prohibeamur}
1696 2280 1872 2354 atque
1918 2274 2098 2336 multo
2145 2274 2389 2337 brevior
2433 2276 2557 2341 vita

379 2385 676 2463 humana,
730 2401 905 2464 quam
951 2390 1015 2446 ut
1060 2382 1317 2445 sufficiat
1358 2382 1435 2444 ad
1479 2399 1608 2444 ren
1649 2388 1766 2444 tam
1807 2384 2124 2447 obscuram
2168 2399 2558 2464 cognoscen-

382 2494 592 2556 dam:“
631 2521 714 2541 -—-·
752 2493 905 2554 haec
940 2493 1120 2573 igitur
1159 2492 1345 2553 verba
1387 2491 1531 2552 mihi
1571 2491 1705 2555 eins
1752 2508 1889 2553 esse
1931 2492 2230 2569 videntur,
2260 2493 2372 2573 *qui
2405 2493 2557 2554 deos

381 2604 591 2684 quales
635 2601 814 2684 vulgo
871 2601 1110 2681 quidem
1173 2601 1250 2662 ab
1307 2599 1657 2679 aequalibus
1702 2600 2026 2662 credantur
2063 2601 2235 2662 fictos
2278 2619 2418 2663 esse
2457 2603 2559 2663 in·-
2680 2685 2683 2689 .

380 2702 709 2785 tellexerit‚
766 2708 876 2771 sed
946 2707 1060 2770 illis
1120 2706 1365 2768 sublatis
1423 2707 1584 2787 quod
1646 2707 1774 2787 ipse
1840 2707 2228 2787 amplectatur
2284 2716 2553 2788 quaerat,

378 2820 635 2880 necdum
688 2833 837 2878 vero
886 2815 1199 2877 invenerit.
1283 2815 1432 2877 Nam
1475 2831 1555 2876 ne
1613 2813 1882 2895 sophista
1938 2815 2174 2896 quidem
2232 2832 2309 2883 eo
2369 2834 2555 2879 sensu

378 2928 589 3001 caruit,
630 2942 768 2987 esse
807 2941 1022 2987 numen
1065 2923 1365 3005 quoddam
1408 2940 1527 3004 quo
1578 2940 1679 2984 res
1725 2922 2021 2984 humanae
2061 2929 2365 3015 regantur.
2425 2923 2556 2987 Va-

378 3052 493 3097 nos
549 3033 787 3114 quidem
845 3023 1198 3095 esse'deos
1265 3031 1472 3110 quales
1539 3029 1637 3092 illa
1698 3037 1895 3092 aetate
1956 3031 2135 3113 vulgo
2202 3030 2554 3095 colebantur

382 3143 572 3223 probe
606 3142 961 3221 ‘perspexitt
1023 3139 1133 3201 sed
1187 3141 1362 3219 quale
1402 3146 1565 3201 esset
1607 3157 1823 3200 numen
1865 3139 2003 3201 illud
2048 3140 2246 3201 animo
2289 3141 2406 3202 sibi
2454 3142 2554 3202 el'-

376 3253 608 3332 lingere
650 3248 909 3309 nondum
951 3249 1156 3327 potuit.

543 3358 751 3419 Ethica
810 3356 1071 3436 denique
1108 3356 1473 3434 Protagorae
1536 3352 1750 3441 placita
1810 3354 1968 3431 nulla
2030 3373 2180 3418 sane
2237 3375 2315 3419 ex
2377 3365 2546 3438 parte

327 3539 333 3543 ⁸
379 3467 704 3548 sophistam
747 3464 1001 3544 sapiunt,
1043 3463 1141 3543 qui
1173 3480 1242 3524 se
1267 3463 1397 3541 ipse
1421 3468 1649 3544 statuat.
1667 3464 1926 3525 omnium
1949 3481 2147 3526 rerum
2172 3484 2546 3529 mensuram:

381 3575 558 3638 immo
586 3575 782 3656 legum
812 3589 1159 3651 morumque
1193 3572 1567 3650 antiquorum
1612 3572 1991 3634 observantia
2042 3581 2160 3635 tota
2205 3582 2342 3636 sunt
2385 3577 2545 3638 nixa.

374 3685 565 3765 Magis
611 3682 847 3764 quidem
897 3680 1013 3742 sibi
1054 3681 1445 3757 constitisset,
1490 3682 1562 3757 si,
1602 3686 1666 3741 ut
1706 3680 1804 3742 alii
1848 3681 2151 3761 sophistae
2176 3729 2195 3759 ‚
2233 3701 2544 3764 quaecun-

376 3809 494 3871 que
554 3790 688 3871 lege
748 3798 810 3853 et
848 3808 959 3852 usu
1007 3790 1323 3851 constituta
1366 3794 1572 3849 essent
1627 3788 1792 3850 nihili
1858 3789 2087 3850 faciens
2151 3791 2226 3853 ad
2270 3793 2546 3874 singulo-

373 3918 503 3961 rum
546 3899 843 3961 hominum
890 3899 1223 3960 voluntates
1288 3915 1360 3959 ac
1421 3895 1699 3959 libidines
1762 3898 1962 3959 omnia
2020 3899 2380 3965 retulisset&
2418 3901 2540 3965 sod

359 4004 574 4078 m’claic
615 4005 733 4085 illa,
772 4006 931 4070 unde
971 4025 1048 4069 ex
1085 4006 1450 4087 Protagorae
1495 4007 1789 4067 sententia
1838 4005 2024 4071 viatus
2075 4009 2262 4080 oritur
2287 4056 2307 4089 ,
2348 4012 2538 4094 ipsum

369 4113 712 4198 prohibuit,
775 4131 856 4176 ne
906 4116 1186 4196 placitum
1246 4114 1323 4176 de
1379 4110 1619 4176 homine
1683 4130 1880 4178 rerum
1922 4125 2201 4180 mensura
2257 4118 2320 4180 in
2375 4116 2535 4182 hunc

371 4240 609 4304 quoque
649 4222 994 4302 disciplinae
1035 4241 1180 4285 suae
1220 4222 1416 4285 locum
1459 4222 1724 4285 inferret.
1788 4222 1920 4285 Hoc
1947 4222 2125 4305 igitur
2147 4244 2291 4304 prae
2316 4231 2536 4290 ceteris

371 4339 633 4412 apparet,
676 4332 1082 4412 Protagoram,
1126 4333 1391 4413 quamvis
1434 4339 1714 4394 accurata
1761 4336 2271 4415 argumentatione
2314 4337 2531 4416 placita

2088 4454 2136 4524 8

1719 4521 1736 4558 l

912 4618 953 4640 N
