2975 4959
1290 277 1775 352 ...m-

461 476 626 546 nent,
672 469 850 531 valde
888 468 1051 531 'inter
1093 484 1161 530 se
1203 468 1569 548 discrepant.
1654 468 1854 541 Quare
1905 482 2019 530 nos
2058 483 2141 534 ne
2181 465 2432 529 aliorum
2472 465 2638 532 salsis

456 579 768 641 sententiis
806 578 870 639 -in
924 593 1169 640 errores
1211 574 1581 652 inducamur,
1621 577 1821 639 omnia
1868 577 2117 656 primum
2163 593 2372 638 eorum
2415 577 2512 655 qui
2557 576 2638 639 de

455 688 571 749 hac
614 705 682 749 re
725 691 981 767 egerunt
1020 684 1176 746 dicta
1220 702 1649 750 recenseamus
1692 691 1753 744 et
1791 683 2182 760 itiusuemus,
2222 691 2317 762 ut,
2365 684 2638 746 refutatis

455 813 610 875 quae
656 802 822 856 certa
868 794 1228 855 auctoritate
1271 793 1518 868 carent,
1559 792 1987 873 antiquissimis
2029 798 2091 854 et
2136 792 2251 854 tide
2296 792 2494 873 dignis
2541 799 2639 853 te·-

456 904 750 967 stimoniis
792 906 919 967 veri
964 902 1170 966 iudicii
1215 901 1602 965 fundamenta
1646 902 1850 965 iacere
1894 902 2212 983 possimus,
2297 901 2441 964 Cum
2484 918 2635 964 vero

459 1014 726 1069 veterum
771 1007 893 1071 loci
955 1010 1272 1072 maximam
1316 1015 1547 1089 partem
1607 1007 1685 1070 ad
1742 1009 1950 1070 mortis
1994 1013 2226 1087 tempus
2285 1010 2643 1088 pertineant,

456 1118 704 1197 primum
753 1116 830 1178 de
870 1117 1123 1197 singuiis
1166 1103 1363 1193 annis,
1402 1115 1617 1197 quibus
1652 1128 1806 1178 unus
1848 1117 2101 1196 quisque
2123 1117 2386 1179 virorum
2417 1118 2641 1180 docto-

453 1239 582 1287 rum
607 1225 987 1306 Prothram
1019 1230 1310 1287 mortuum
1335 1239 1474 1285 esse
1519 1223 1687 1302 dixit,
1730 1223 1949 1303 exponi
1992 1229 2249 1303 oportet.
2334 1223 2472 1304 lpso
2520 1241 2639 1285 au-

453 1340 573 1396 tem
596 1313 839 1396 definito
867 1331 1064 1398 obitus
1088 1349 1248 1395 anno
1290 1331 1519 1411 reliqua
1562 1332 1639 1393 ad
1681 1330 1841 1394 iilum
1881 1330 2062 1394 facite
2105 1340 2360 1414 possunt
2402 1332 2639 1396 referri.

1448 1527 1511 1597 §-
1568 1522 1622 1584 1.

615 1686 794 1748 Anno
837 1683 980 1748 410.
1065 1685 1451 1766 Protagoram
1497 1665 1789 1750 mortuum
1830 1704 1970 1749 esse
2001 1688 2243 1767 primus),
2286 1703 2461 1766 quem
2484 1679 2637 1760 scio,

451 1796 664 1852 auctor
707 1791 928 1852 exstitit
969 1792 1282 1867 FreretuS,
1341 1791 1440 1871 qui
1482 1792 1799 1855 Annalium
1848 1793 2213 1855 Academiae
2270 1794 2480 1874 regiae
2536 1795 2636 1855 in·-

449 1901 836 1981 scriptionum
868 1907 1030 1962 tomo
1076 1901 1542 1981 quadragesimo
1572 1904 1826 1982 septimo
1853 1902 2265 1985 quaestionem
2309 1920 2448 1979 „sur
2475 1902 2635 1983 l’age

454 2010 531 2070 de
576 2009 908 2091 Protagore
955 2015 1016 2069 et
1057 2008 1112 2069 la
1140 2009 1296 2070 'daie
1342 2011 1418 2070 de
1458 2027 1528 2070 sa
1569 2010 2071 2072 condamnation“
2117 2011 2323 2072 edidit.
2401 2012 2633 2072 'Locum

454 2120 748 2199 integrum
799 2118 1107 2179 ascribere
1172 2134 1397 2198 operae
1456 2120 1708 2199 pretium
1736 2112 1743 2120 ’
1769 2119 1911 2181 duxi
1956 2119 2195 2182 omissis
2238 2135 2414 2199 quae
2440 2120 2632 2179 minus

451 2227 679 2289 faciunt
748 2226 823 2289 ad
897 2227 1423 2289 demonstrationis
1486 2233 1762 2290 tenorem
1827 2228 2061 2308 penitus
2125 2227 2628 2308 perspiciendum.

449 2337 765 2415 Postquam
809 2334 1081 2396 Menonis
1120 2334 1316 2396 locum
1364 2335 1597 2413 attulit,
1665 2354 1784 2415 quo
1826 2337 1959 2417 pius
2004 2336 2395 2416 quadraginta
2437 2350 2632 2396 annos

452 2443 840 2524 sophisticam
892 2450 1077 2504 artem
1133 2445 1485 2506 exercuisse
1545 2446 1938 2527 Protagoram
1990 2452 2165 2527 atque
2221 2440 2631 2526 septuagena-

451 2555 599 2617 rium
650 2552 778 2615 fere
814 2560 1104 2614 mortuum
1154 2569 1293 2614 esse
1338 2552 1509 2614 Plato⁴
1565 2560 1770 2616 narrat
1812 2572 1949 2636 pag.
1989 2554 2089 2617 91.
2136 2555 2218 2634 Β,
2277 2554 2369 2616 his
2427 2553 2631 2615 verbis

450 2663 647 2743 pergit
687 2677 826 2740 pag.
874 2658 993 2721 277
1020 2682 1035 2719 ε

638 2769 1001 2848 „Protagere
1066 2765 1227 2827 nvait
1281 2765 1380 2826 ete
1441 2764 1688 2845 discipie
1749 2764 1827 2827 de
1891 2765 2274 2842 Democrite5
2344 2765 2496 2826 c'est
2551 2782 2630 2826 un

446 2876 612 2958 point
655 2893 758 2937 sur
798 2874 990 2953 lequel
1036 2879 1172 2935 tous
1216 2871 1306 2933 les
1345 2873 1597 2934 anciens
1637 2879 1778 2934 sont
1824 2873 2149 2935 d'accord:
2196 2873 2355 2935 donc
2399 2872 2439 2933 il
2484 2873 2630 2934 etait

449 2985 578 3067 pius
606 2984 791 3064 jeune
834 2999 949 3062 que
989 2981 1105 3044 lui.'
1175 2981 1217 3042 ll
1264 2980 1445 3043 faltait
1489 2983 1681 3042 meme
1722 2980 1861 3060 qu’ii
1902 2980 1959 3066 le
1999 2980 2087 3043 sut
2127 2983 2437 3061 beaucoup
2479 2980 2632 3062 pluS,

454 3094 704 3176 puisque
732 3090 1074 3152 Democrite
1115 3090 1276 3150 avait
1320 3088 1595 3170 employe
1635 3089 1693 3150 la
1738 3091 2030 3171 premiere
2070 3091 2260 3168 partie
2304 3089 2402 3150 de·
2428 3106 2494 3151 sa
2527 3091 2627 3151 vie

432 3178 488 3261 ’ὲ
533 3217 633 3261 ses
678 3214 949 3278 voyages
1003 3196 1152 3257 dans
1196 3195 1447 3258 l‘Orient
1474 3242 1493 3274 ,
1547 3201 1608 3257 et
1652 3196 1787 3275 qu’il
1831 3214 1909 3258 ne
1952 3200 2150 3259 revint
2193 3198 2228 3258 a
2270 3197 2516 3259 Abdere
2558 3213 2628 3258 sa

450 3308 641 3389 patrie
674 3323 789 3385 que
832 3305 983 3366 dans
1026 3320 1103 3364 un
1146 3306 1261 3384 age
1299 3321 1381 3365 un
1426 3321 1540 3383 peu
1584 3304 1812 3366 avance
1840 3307 1935 3382 ἢ).
2020 3304 2290 3367 Diodore
2332 3305 2407 3366 de
2447 3293 2628 3367 Sicile

450 3422 732 3497 rapporte
795 3431 863 3475 sa
930 3417 1085 3473 mort
1141 3411 1175 3472 a
1235 3411 1289 3472 la
1346 3413 1641 3492 premiere
1704 3414 1900 3475 annee
1961 3413 2036 3474 de
2096 3414 2151 3475 la
2209 3416 2627 3494 quatreviugt-

336 3524 341 3530 ’
453 3523 858 3604 quatorzieme
905 3519 1285 3601 olympiade3
1353 3519 1591 3581 Eusebe
1635 3521 1690 3581 ia
1734 3520 1906 3600 place
1950 3523 2095 3584 trois
2136 3523 2245 3583 ans
2279 3517 2409 3601 plus
2451 3520 2625 3582 tard:

456 3629 571 3692 elle
612 3636 705 3689 est
749 3627 907 3689 donc
953 3626 1030 3688 de
1074 3626 1193 3688 l’an
1233 3624 1358 3688 404
1402 3642 1481 3687 ou
1529 3626 1606 3686 de
1648 3625 1764 3687 l'an
1804 3625 1966 3706 401,
2010 3628 2348 3690 anterieure
2393 3629 2628 3709 de'peu

594 3820 643 3887 *)
679 3815 807 3882 „Les
844 3814 995 3883 longs
1049 3830 1282 3882 voyages
1331 3815 1396 3873 de
1440 3816 1734 3874 Democrito
1770 3825 1887 3868 sont
1936 3820 2195 3882 certains3
2252 3820 2383 3870 mais
2429 3819 2466 3871 il
2512 3836 2547 3885 y
2594 3835 2625 3870 a

436 3887 722 3953 'beaucoup
759 3887 1128 3952 d’apparence‚
1185 3887 1385 3952 d’apres
1432 3902 1503 3936 uu
1545 3886 1799 3953 fragment
1835 3888 1952 3939 d'un
1991 3889 2058 3952 de,
2093 3907 2176 3941 ses
2217 3905 2470 3958 ouvrages
2507 3907 2632 3957 rap·

453 3960 601 4025 porte
651 3973 743 4024 par
792 3955 1027 4007 Clement
1062 3956 1421 4009 d'Alexandrie
1455 3958 1677 4008 stromat
1727 3958 1766 4010 1.
1822 3967 1875 4008 et
1925 3976 2017 4026 par
2061 3960 2268 4012 Eusebe
2321 3962 2501 4028 Praep.
2544 3977 2627 4013 εν.

452 4029 516 4081 X.
551 4030 640 4092 2.‚
689 4043 790 4095 que
840 4027 919 4078 les
966 4029 1319 4095 quatrevingts
1365 4043 1456 4078 ans
1502 4029 1625 4095 qu’ii
1663 4044 1691 4079 a
1731 4031 1880 4095 passe
1918 4035 2037 4083 hors
2081 4031 2144 4082 de
2200 4046 2255 4082 sa
2304 4035 2468 4097 patrie
2509 4041 2626 4084 sont

453 4115 557 4150 une
594 4101 846 4149 ancienne
883 4098 1023 4150 faute
1058 4097 1123 4149 de
1163 4100 1393 4164 copiste‚
1443 4105 1496 4148 et
1529 4099 1653 4165 qu’il
1703 4098 1812 4149 faut
1853 4100 1962 4151 dire
2008 4102 2118 4153 huit
2165 4111 2355 4153 ans'au
2412 4105 2516 4154 lieu
2561 4104 2627 4153 de

453 4170 718 4231 Ιιιιίιαηιος
757 4183 872 4231 car,
919 4177 1066 4220 outre
1101 4184 1204 4236 que
1241 4169 1355 4220 cela
1394 4183 1462 4218 ne
1504 4184 1563 4220 se
1602 4178 1726 4236 peut
1764 4170 1961 4234 ajuster
1997 4187 2126 4223 avec
2161 4188 2360 4225 aucune
2403 4174 2629 4225 chrono-

454 4239 616 4307 logie,
654 4240 691 4290 il
740 4249 823 4291 est
857 4238 1046 4292 visible
1087 4241 1211 4290 dans
1251 4239 1300 4291 le
1334 4253 1557 4306 passage
1592 4245 1757 4292 meme
1783 4240 1847 4292 de
1867 4242 2177 4309 Democrite‚
2212 4244 2337 4313 qu'il
2374 4245 2522 4311 s'agit
2559 4243 2628 4294 du

454 4319 658 4378 temps,
711 4310 835 4378 qu’il
893 4326 923 4362 a
974 4312 1125 4378 passe
1183 4324 1248 4359 en
1294 4310 1500 4378 Egypte
1555 4309 1684 4362 avec
1734 4310 1812 4363 les
1872 4313 2262 4383 Arpedonaptes
2316 4331 2383 4367 ou
2440 4328 2627 4366 savans

453 4382 520 4433 du
558 4391 734 4449 μηνί
