2975 4959
1410 299 1838 378 -44-

479 493 1061 558 Ionice·scribentes
1104 497 1323 553 tantum
1368 492 1638 567 aberant,
1681 497 1748 550 ut
1793 471 2263 569 praeteriissent,
2307 489 2357 550 si
2401 503 2523 549 non
2549 486 2652 548 lo·-

370 626 377 631 ·
477 606 617 666 nica
684 608 889 666 essent
953 601 1062 663 usi.
1174 599 1448 661 Ceterum
1516 616 1691 678 quum
1751 598 1832 659 ita
1902 597 2208 677 utriusque
2271 597 2650 677 cognominis

481 714 644 793 optio
709 711 847 773 data
910 711 1107 784 esset,
1169 715 1233 769 ut
1274 707 1694 769 Abderitarum
1738 707 1917 767 etiam
1960 704 2059 767 alii
2102 722 2135 766 a
2179 706 2482 768 veteribus
2522 704 2652 766 Teii

480 822 863 895 dicerentur,
917 817 1075 878 velut
1119 815 1455 877 Hecataeus
1500 813 1654 895 apud
1691 813 2044 877 Strabonem
2070 812 2223 904 ‚loco
2266 813 2446 875 modo
2488 811 2653 875 indi-

479 937 618 991 cato
684 924 878 1003 (conf.
942 927 1076 988 Car.
1131 924 1287 987 Frid.
1334 923 1654 986 Her-manni
1707 922 1932 985 Abder.
1998 922 2207 985 hlstor.
2270 921 2651 1001 premerid.

475 1035 761 1099 scholast.
837 1033 1013 1097 1830.
1070 1039 1218 1114 part.
1270 1032 1338 1094 ll.
1395 1049 1532 1113 pag.
1574 1030 1714 1093 509.
1772 1036 1976 1095 annot.
2026 1028 2204 1103 ι26.)ε
2268 1032 2368 1111 qui
2426 1036 2649 1091 certam

475 1144 839 1224 investigant
884 1159 1124 1203 causam
1171 1139 1462 1221 aliquam,
1503 1156 1609 1201 cur
1649 1136 1892 1217 Eupolis
1934 1152 2171 1217 quoque
2216 1136 2333 1200 hoc
2378 1137 2510 1217 ipso
2553 1136 2654 1198 lo·

476 1253 652 1313 coita
685 1251 918 1327 fecerit,
965 1250 1005 1310 ii
1049 1265 1269 1310 vereor
1312 1265 1388 1309 ne
1434 1246 1633 1309 nodos
1678 1248 1736 1307 in
1781 1247 1982 1326 scirpo
2026 1251 2332 1326 quaerant.
2419 1244 2648 1319 Quodsi

472 1367 690 1442 poetae
735 1359 921 1420 verba
965 1358 1132 1440 plura
1176 1362 1381 1418 essent
1429 1362 1668 1417 servata
1695 1398 1713 1428 ‚
1757 1361 1820 1415 ut
1864 1355 2289 1416 sententiarum
2334 1370 2645 1415 connexus

473 1470 958 1551 perspiceretur,
1023 1467 1082 1529 in
1127 1468 1383 1547 ipsarum
1427 1463 1630 1551 indole
1672 1463 1923 1544 positam
1987 1480 2126 1525 esse
2186 1462 2341 1525 illatn
2389 1462 2647 1525 fortasse

475 1581 807 1659 appareret.
2036 1621 2042 1626 .
2496 1569 2502 1574 ’

638 1683 804 1745 Unus
868 1681 1127 1761 denique
1193 1685 1382 1741 restat
1449 1679 1660 1753 locus,
1727 1693 1846 1758 quo
1912 1677 2273 1758 Protagoras
2339 1675 2519 1737 Eleus
2587 1676 2649 1738 in

473 1790 666 1854 atheis
707 1792 1065 1866 nominatur,
1110 1787 1316 1850 Galen.
1361 1787 1438 1848 de
1482 1786 1696 1867 pbiloS.
1739 1786 1880 1847 bist.
1932 1803 2061 1866 cap.
2109 1784 2265 1846 Vlll:
2332 1785 2489 1859 Τοὺς
2531 1785 2649 1862 μὲν

467 1905 589 1963 τῶν
634 1901 952 1981 προτέρων
1010 1892 1578 1980 φιλοσοφησάντων
1620 1893 1977 1975 εὑρήκαμεν
2017 1891 2212 1966 θεοὺς
2254 1887 2649 1975 ἠγνοηκότας,

469 2004 556 2083 ὥς
585 2006 1029 2089 Πρωταγόραν
1068 2000 1172 2065 τὸν
1208 2003 1459 2066 Ἠλεῖον
1504 2004 1611 2064 καί
1635 1997 1969 2080 Θεόδωρον
2015 1997 2120 2063 τόν
2152 2001 2519 2082 Κυρηναῖον
2540 1995 2651 2061 καὶ

468 2111 800 2198 Εὐήμερον
838 2111 943 2176 τόν
974 2112 1303 2194 Τεγεάτην.
1390 2111 1466 2173 ov’
1510 2109 1631 2192 γάρ
1678 2103 1837 2173 εἶναι
1882 2107 2074 2182 θεοὺς
2116 2109 2316 2172 εἰπεῖν
2344 2103 2650 2189 τετολμή-

466 2247 669 2287 κασιν.
755 2224 923 2299 Quae
979 2221 1199 2298 verba,
1262 2238 1395 2282 cum
1453 2212 1817 2301 Protagoras
1875 2219 2110 2299 quidam
2169 2217 2349 2279 Eleus
2411 2216 2650 2278 aliunde

463 2348 712 2410 prorsus
758 2331 835 2392 sit
869 2332 1145 2412 ignotus,
1195 2345 1390 2407 neque
1431 2327 1586 2389 ullus
1635 2327 1915 2402 omnino,
1961 2343 2133 2405 quem
2180 2326 2365 2387 sciam
2394 2371 2412 2403 ,
2470 2324 2652 2390 Eleas

465 2440 567 2501 tali
625 2439 701 2500 de
763 2438 852 2499 dis
920 2439 1216 2497 sententia
1265 2438 1573 2516 proposita
1618 2436 1774 2496 adeo
1816 2433 2193 2510 inclaruerit,
2235 2441 2299 2495 ut
2338 2434 2467 2514 ipse
2516 2452 2650 2496 cum

463 2545 786 2608 Theodoro
836 2551 897 2606 et
937 2544 1233 2605 Euemero
1296 2560 1443 2623 prae
1503 2543 1722 2604 ceteris
1785 2543 2104 2604 memorari
2164 2548 2372 2622 posset
2429 2541 2646 2620 atheiS,

468 2656 610 2737 quin
655 2653 946 2714 mendosa
1010 2652 1128 2714 sint
1184 2669 1305 2713 non
1372 2649 1596 2714 dubito,
1683 2649 2009 2712 Abderitae
2073 2667 2219 2712 vero
2284 2651 2646 2731 Protagorae

468 2762 771 2843 aptissime
837 2743 983 2823 boc·
1022 2761 1159 2822 loco
1227 2762 1591 2821 mentionem
1657 2759 1784 2821 lieri
1838 2759 1948 2822 lib:
1985 2759 2080 2822 lv,
2141 2778 2271 2840 cap.
2311 2759 2409 2821 lll.
2471 2759 2646 2840 plane

468 2871 793 2951 apparebit.
878 2868 1000 2932 Sed
1044 2885 1228 2948 aegre
1273 2867 1370 2928 bic
1420 2866 1831 2929 desideramus
1875 2885 2123 2946 eorum,
2171 2868 2268 2947 qui
2314 2867 2464 2929 deos
2506 2885 2645 2929 esse

468 2978 810 3059 negabant,
878 2976 1134 3039 omnium
1204 2975 1361 3036 illum
1435 2975 1934 3052 famosissimum,
2002 2977 2326 3057 Diagoram
2390 2975 2647 3039 Melium.

466 3086 670 3159 Quare
721 3084 876 3165 apud
932 3084 1214 3145 Galenum
1274 3100 1383 3163 pro
1428 3082 1866 3164 Πρωταγόραν
1923 3080 2033 3146 τόν
2070 3084 2322 3148 Ἠλεῖον
2369 3087 2649 3147 scriben-

471 3195 608 3256 dum
665 3211 804 3255 esso
863 3199 1003 3272 puto
1052 3186 1490 3273 Πρωταγόραν
1551 3191 1660 3253 τὸν
1709 3190 2102 3275 Ἀβδηρίτην
2164 3191 2274 3255 καί
2323 3192 2649 3275 Διαγόραν

472 3299 576 3365 τὸν
622 3300 895 3382 Μήλιον.

645 3408 935 3470 Omnibus
983 3408 1163 3488 igitur
1206 3408 1557 3487 scriptorum
1611 3408 1986 3486 testimoniiS,
2030 3409 2239 3489 quibus
2280 3409 2647 3489 Protagorae

473 3520 663 3599 patria
706 3517 1038 3591 indicatur,
1082 3516 1235 3577 inter
1291 3532 1360 3576 se
1404 3517 1776 3595 conciliatiS,
1841 3516 2089 3598 reliqua,
2130 3517 2341 3597 quibus
2385 3505 2643 3578 Abderis

475 3611 632 3689 illum
681 3633 871 3687 ortum
927 3641 1066 3685 esse
1107 3623 1522 3701 confirmatur,
1589 3626 1663 3686 ad
1704 3643 1882 3687 unum
1929 3628 2125 3688 omnia
2174 3625 2388 3688 afferre
2430 3642 2655 3705 super-

476 3735 694 3796 sedere
739 3750 1071 3814 possumus.
1154 3731 1328 3795 Adeo
1373 3735 1527 3794 enim
1563 3740 1704 3795 erat
1750 3733 1867 3796 hoc
1910 3736 1969 3795 in
2025 3735 2236 3816 vulgus
2277 3740 2478 3796 notum
2505 3781 2523 3811 ,
2582 3741 2647 3796 ut

478 3859 727 3923 perraro
812 3841 1077 3921 sophista
1160 3849 1731 3904 commemoraretur
1800 3842 1917 3904 boc
1984 3845 2209 3904 omisso
2282 3845 2647 3922 cognomine

482 3950 742 4012 ethnico.
832 3949 980 4010 Vide
1025 3957 1265 4029 praeter
1305 3950 1477 4012 locos
1538 3968 1715 4031 supra
1772 3950 2044 4012 laudatos
2087 3952 2249 4013 Sext.
2292 3949 2459 4031 Emp.
2507 3951 2642 4014 adv.

476 4059 655 4121 Math.
701 4058 802 4120 lib.
844 4057 944 4124 lX.
996 4069 1050 4137 §.
1092 4060 1209 4135 55,
1274 4060 1450 4139 Diog.
1497 4058 1690 4120 Laert.
1737 4058 1836 4120 lib.
1877 4058 1984 4121 IX.
2029 4071 2087 4138 ς.
2124 4061 2241 4136 42,
2293 4060 2451 4122 Suid.
2495 4078 2546 4122 S.
2587 4078 2644 4120 v.

479 4163 822 4247 Πρόδικος,
865 4166 1046 4228 Clem.
1092 4166 1264 4229 Alex.
1307 4168 1520 4229 Strom.
1566 4167 1667 4229 lib.
1708 4168 1749 4230 l.
1799 4185 1934 4249 pag.
1964 4168 2104 4242 301..
2136 4168 2205 4245 D,
2238 4168 2516 4231 Themist.
2543 4168 2647 4229 Or.

479 4273 631 4337 Xlll.
689 4291 826 4356 pag.
880 4273 1014 4336 161.
1076 4273 1249 4350 (198.
1299 4275 1515 4352 Dind.)
1576 4282 1636 4337 et
1694 4275 1795 4336 Or.
1841 4275 2047 4338 XXlll.
2093 4293 2234 4358 pag.
2286 4275 2645 4349 989..(350.

481 4384 624 4461 0.),
667 4382 850 4463 Epist.
891 4383 1060 4444 Socr.
1109 4380 1263 4443 xvn
1291 4428 1307 4461 ,
1345 4382 1545 4446 Schol.
1594 4383 1669 4446 ad
1716 4384 1852 4446 Plat.
1901 4384 2165 4466 Reipubl.
2214 4384 2360 4463 l.l.,
2404 4383 2644 4456 Quintil.
