2975 4959
1172 311 1706 379 -133—

359 499 483 562 lam
526 483 757 580 optime*
793 497 893 561 ille
946 515 1075 561 rem
1113 497 1397 580 perspicit
1443 496 1778 578 eodemque
1820 495 2000 580 igitur
2059 513 2138 559 ex
2194 502 2515 579 praecepto

353 605 718 689 Κλεωνύμη
759 607 1074 671 dicendum
1120 624 1260 670 esse
1314 608 1400 669 ait
1441 608 1574 669 viro
1631 606 1835 669 timido
1881 604 2173 682 irridens,
2235 606 2330 668 cui
2382 604 2514 667 aliis

356 731 594 796 quoque
636 714 788 779 locis
828 715 1128 798 ignaviam
1173 716 1496 795 exprobrat
1536 713 1998 794 Aristophanes:
2061 713 2221 776 conf.
2263 732 2318 776 v.
2369 714 2515 790 352,

355 824 458 886 ubi
500 821 811 906 ῥίψασπιν
849 824 1231 904 conspicatae
1253 822 1634 903 Cleonymum
1663 822 1851 884 nubes
1894 839 2209 884 cervorum
2253 822 2516 901 speciem

354 930 625 995 induisse
668 931 959 995 dicuntur.
983 967 1065 981 -
1107 930 1339 994 Deinde
1384 931 1460 993 ad
1504 932 1744 994 nomina
1789 948 1942 1017 quae
1988 930 2237 993 dicimus
2277 931 2515 1011 propria

361 1041 646 1107 Socrates
690 1043 903 1103 transit
943 1058 999 1101 v.
1039 1038 1191 1103 675:

608 1140 740 1211 Εἶτ’
779 1146 875 1210 ἔτι
914 1169 984 1229 γε
1023 1145 1171 1229 περὶ
1205 1147 1332 1209 τῶν
1376 1143 1699 1224 ὀνομάτων
1739 1146 1971 1223 μαθεῖν
2008 1164 2081 1207 σε
2124 1143 2240 1223 δεῖ,

604 1249 730 1317 ἅττ’
774 1245 982 1336 ἄρρεν’
1024 1251 1190 1318 ἐστὶν
1234 1248 1373 1316 ἅπτε
1419 1253 1480 1316 δ’
1523 1251 1731 1314 αὐτῶν
1772 1251 1993 1334 θήλεα.

601 1364 791 1425 ΣΤΡ.
824 1361 987 1425 Ἀλλ’
1025 1356 1154 1427 οἶδ*
1188 1357 1404 1443 ἔγωγ’,”
1429 1356 1474 1422 ἃ
1517 1359 1690 1444 θήλε’
1730 1360 1919 1428 ἐστίν.
2003 1360 2130 1424 ΕΩ..
2176 1360 2333 1424 Εἰπὲ
2378 1358 2474 1443 δή.

600 1472 790 1535 ΣΤΡ.
838 1469 1160 1550 Λύσιλλα,
1205 1471 1487 1545 Φίλιννα,
1536 1465 1961 1548 Κλειταγόρα,
2004 1472 2362 1550 Δημητρία.

611 1578 741 1642 ΞΩ.
771 1571 1047 1660 Ἀρρενα
1091 1580 1159 1642 δὲ
1199 1587 1349 1640 ποῖα
1388 1580 1513 1639 τῶν
1556 1560 1911 1655 ὀνομάνωνς
1954 1579 2139 1642 ΣΤΡ.
2184 1573 2442 1660 Μυρία·

610 1684 966 1767 Φιλόξενος,
1009 1688 1361 1770 Μελησίας,
1401 1684 1728 1764 Ἀμυνίας.

605 1795 737 1859 ΣΩ.
785 1794 979 1878 Ἀλλ’,
1027 1787 1081 1859 ὦ
1124 1798 1372 1878 πονηρέ,
1405 1792 1610 1859 ταῦτα’
1648 1800 1703 1875 γ’
1749 1789 1876 1856 ἔστ’
1918 1794 2037 1857 ουἰῑ
2080 1787 2340 1876 ἄρρενα.

605 1905 722 1967 ΣΤ
718 1906 792 1969 Ρ.
841 1902 975 1969 Ουόι
1019 1894 1234 1987 ἄρρεν’
1287 1903 1354 1965 ἐν
1411 1895 1562 1982 ὑμῖν
1617 1901 1828 1980 ἐστι’νς
1894 1900 2022 1965 ΣΩ.
2087 1901 2403 1982 Occium&
2445 1903 2524 1983 γ’,

2057 2009 2197 2073 ἐπεὶ

604 2120 743 2193 πῶς
786 2109 866 2181 ἄν
906 2118 1228 2190 καλέσειας
1267 2113 1543 2198 ἐντυχών
1578 2114 1886 2204 Ἀμυνίας

603 2227 797 2290 ΣΤΡ.
823 2220 1032 2301 ‘'Onmg
1074 2217 1198 2303 3522,-
1236 2219 1373 2288 αἱδί·
1458 2224 1669 2306 δεῦρο,
1722 2226 1917 2306 δεῦρ’,
1953 2222 2250 2303 Ἀμυνία.-

522 2346 525 2349 ’
603 2332 734 2399 ΣΩ.
771 2333 993 2418 Ὁρᾷςς
1032 2340 1295 2415 γυναῖκα
1332 2330 1446 2414 τὴν
1487 2335 1795 2410 Ἀμυνίαν
1834 2338 2063 2406 καλεῖς.
2110 2341 2180 2397 et
2207 2351 2266 2414 q.
2311 2352 2481 2417 seqq.

360 2441 588 2518 Quibus
631 2442 907 2505 omnibus
947 2460 1025 2503 ex
1061 2441 1214 2504 locis
1257 2442 1309 2504 si
1358 2442 1699 2504 secreveris
1747 2460 1899 2522 quae
1948 2441 2362 2524 Aristophanis
2409 2460 2523 2505 ea·-

358 2551 646 2615 villationi
684 2536 864 2631 atque
905 2551 1168 2614 irrisioni
1229 2557 1365 2613 sunt
1414 2550 1767 2629 tribuenda,
1821 2569 1895 2613 ea
1940 2552 2065 2631 ipsa
2103 2558 2328 2617 restant
2369 2568 2523 2631 quae

350 2677 492 2742 pag.
541 2659 686 2722 130.·
722 2660 992 2741 exposui.
2125 2662 2134 2671 “

570 2768 646 2832 Ut
708 2767 783 2829 de
849 2769 1152 2829 nominum
1217 2766 1580 2848 generibuS,
1649 2766 1738 2828 sio
1806 2765 1882 2828 de
1947 2767 2396 2830 verborum
2461 2772 2523 2829 et

358 2875 556 2940 modis
599 2883 661 2938 et
719 2876 1081 2955 temporibus
1126 2874 1457 2956 disputavit.
1542 2873 1617 2937 Et
1659 2873 1819 2955 quod
1865 2874 1943 2937 ad
1988 2881 2335 2957 tempora
2381 2877 2521 2957 qui-

344 2986 493 3055 dem
537 2986 787 3063 attinet,
828 2984 921 3069 ·de
961 2975 1252 3067 Diogenis
1299 2984 1519 3046 Laertii
1564 2983 1768 3046 verbis
1811 2982 1913 3045 lib.
1953 2983 2052 3047 IX.
2096 2991 2159 3060 §-
2204 2984 2315 3048 52:
2384 2980 2521 3047 Καὶ

354 3096 601 3175 πρῶτος
655 3095 818 3176 μέρη
874 3078 1108 3175 χρόνου
1165 3090 1457 3179 διώρισε,
1516 3091 1626 3155 καί
1677 3095 1904 3175 καιροῦ
1964 3088 2231 3173 δύναμιν
2272 3086 2518 3168 baseio

355 3199 475 3265 hoc
539 3202 620 3264 ait
663 3202 796 3264 Car.
853 3202 951 3264 Fr.
1007 3201 1378 3264 Hermannus
1444 3201 1764 3277 (Zeitschr.
1821 3202 1863 3264 f.
1909 3200 2273 3265 Ala-wisa
2339 3197 2515 3265 1834.

353 3327 490 3392 pag.
525 3310 719 3385 381);
763 3309 1045 3389 „Endlich
1084 3309 1569 3411 hemerkenyvir
1609 3311 1766 3373 noch
1790 3355 1810 3387 ‚
1854 3310 1993 3373 dass
2034 3312 2339 3393 Diogenes
2379 3310 2516 3371 An·-

352 3418 509 3500 gabe
551 3418 650 3481 IX.
692 3419 813 3484 52:
879 3421 1019 3483 Καὶ
1057 3419 1302 3496 πρῶτος
1346 3423 1409 3480 et
1444 3435 1503 3498 q.
1540 3435 1708 3499 seqq.
1754 3435 1867 3481 uns
1925 3419 2135 3480 weder
2176 3418 2284 3481 auf
2330 3419 2509 3479 einen
2559 3467 2570 3475 .

351 3525 752 3607 Stundenplan
816 3525 971 3588 beim
1015 3525 1388 3589 Unterrichte
1430 3527 1525 3604 (S.
1570 3529 1738 3604 155.)
1789 3524 1984 3604 noch,
2040 3529 2156 3588 wie
2201 3527 2354 3588 Herr
2393 3526 2512 3588 Pe-

349 3640 554 3698 tersen
599 3636 823 3712 meint‚
881 3635 987 3727 auf
1019 3633 1598 3718 Beriicksiohtigung
1658 3634 1767 3699 der
1825 3635 1955 3698 Zeit
2007 3636 2127 3699 und
2186 3635 2511 3699 Umstande

351 3742 450 3805 bei
491 3743 703 3805 seinen
747 3743 1257 3824 Gemeinptatzen,
1295 3745 1561 3808 sondern
1601 3745 1710 3806 auf
1737 3745 2197 3828 grammatische
2220 3733 2513 3826 Tempus-

271 3923 276 3929 ,
349 3849 771 3934 abtheilungen
830 3870 906 3915 zu
970 3852 1169 3934 gehen
1224 3853 1512 3918 scheint.“
1594 3855 1790 3936 Atque
1851 3842 2184 3916 Herbstium
2249 3850 2510 3937 quidem,

350 3958 449 4037 qui
501 3957 578 4018 de
633 3959 855 4022 scholis
918 3960 1198 4024 horarum
1258 3961 1468 4023 ordine
1523 3960 1825 4043 dispositis
1881 3964 2207 4044 cogitavit,
2268 3980 2508 4026 errasse

347 4065 720 4128 manifestum
783 4075 892 4130 est.
992 4070 1119 4133 Neo
1175 4076 1372 4132 tamen
1412 4070 1809 4133 Hermannum
1869 4086 2000 4131 rem
2063 4088 2174 4132 acu
2237 4073 2506 4152 tetigisse

342 4179 503 4253 puto.
566 4173 642 4236 Et
679 4175 868 4254 ipsum
908 4177 1063 4240 enim
1105 4184 1166 4241 et
1181 4162 1584 4240 Petersenium
1631 4195 1823 4260 aeque
1863 4185 2037 4258 atque
2063 4179 2400 4240 Herbstium
2441 4178 2505 4240 id

345 4279 577 4363 fugisse
619 4282 873 4360 videtur,
918 4284 1273 4366 Diogenem,
1322 4287 1419 4367 qui
1443 4286 1809 4369 Protagorae
1851 4286 2288 4366 professionum
2329 4285 2504 4351 talem

353 4389 717 4455 mentionem
777 4388 957 4470 facit,
1022 4399 1086 4455 ut
1141 4393 1349 4473 quales
1403 4394 1658 4458 fuissent
1698 4395 1950 4480 abhipso
1996 4411 2365 4474 nequaquam
2392 4395 2511 4458 in-
