2975 4959
1293 329 1784 398 ...32-

621 513 790 589 Quae
832 511 887 577 si
932 512 1173 596 quidem
1229 521 1399 577 recte
1452 515 1746 596 disputata
1796 520 1972 595 sunt,
2033 516 2415 579 Democritus
2461 515 2678 579 natus*

459 627 556 685 est
595 638 753 684 anno
797 618 942 686 460.
1025 623 1396 706 Anaxagora
1456 626 1616 687 enim
1659 625 2054 706 quadraginta
2100 625 2272 688 annis
2312 624 2638 687 Democri-

452 735 577 793 tum
627 730 811 794 fuisse
859 730 1153 793 minorem
1217 732 1370 813 apud
1428 732 1762 813 Diogenem
1822 732 1951 814 plus
2007 732 2194 795 semel
2258 731 2510 814 legitur:
2571 737 2637 795 ut

447 837 552 902 lib.
600 837 701 900 IX.
744 844 806 914 §-
852 836 971 906 34:
1017 832 1314 920 ’Ὕστερον
1369 839 1439 901 δὲ
1482 837 1832 925 Λευκίππῳ
1892 843 2212 920 παρέβαλε
2277 837 2386 903 καὶ
2432 840 2634 903 'Am‘-

443 940 680 1033 ξαγόρᾳ
732 942 893 1008 κατά
929 967 1109 1019 τινας
1139 993 1158 1026 ,
1204 943 1406 1009 ἔτεσιν
1445 940 1535 1009 ὢν
1563 946 1763 1009 αὐτοῦ
1803 944 2099 1027 νεώτερος
2144 944 2631 1027 τετταράκοντα.

443 1059 505 1115 et
548 1062 605 1131 §.
648 1047 768 1117 211:
836 1054 1064 1134 Γέγονε
1129 1054 1199 1115 δὲ
1264 1060 1395 1127 τοῖς
1456 1053 1754 1137 χρόνοις,
1821 1051 1907 1128 ὥς
1961 1050 2154 1127 αὐτός
2197 1077 2391 1136 φησιν
2434 1054 2500 1116 ἑν
2543 1054 2635 1139 τῷ

441 1163 681 1247 Μικρῷ
717 1157 1062 1248 Διακόσμῳ
1087 1210 1107 1241 ,
1153 1163 1290 1235 νέος
1330 1162 1487 1224 κατὰ
1529 1159 1887 1244 πρεσβύτην
1924 1161 2383 1245 Ἀναξαγόραν,
2426 1157 2632 1223 ἔτεσιν

441 1267 645 1330 αὐτοῦ
687 1266 987 1354 νεώτερος
1052 1267 1530 1352 τετταράκοντα.
1617 1269 1785 1343 Quae
1828 1271 2028 1331 omnia
2090 1269 2511 1331 confirmantur
2553 1269 2630 1329 ab

440 1360 852 1456 Apollodoro,
917 1378 1250 1439 sententiae
1306 1384 1554 1440 nostrae
1607 1376 1684 1439 de
1726 1378 2135 1460 Anaxagorae
2180 1377 2628 1456 Democritique

442 1483 811 1563 temporibus
858 1489 1012 1552 teste
1072 1486 1476 1565 gravissimo,
1541 1486 1695 1565 apud
1735 1486 2071 1566 Diogenem
2109 1484 2212 1546 lib.
2251 1483 2353 1546 lx.
2400 1496 2457 1563 §-
2504 1481 2626 1544 41:

441 1593 505 1656 Γ
502 1590 703 1673 εγόνοι
746 1591 806 1653 δ’
846 1583 945 1668 ἄν,
988 1591 1073 1664 οἷς
1114 1594 1230 1669 μὲν
1271 1592 1755 1673 Ἀπολλόδωρος
1799 1590 1867 1656 ἐν
1909 1602 2035 1666 τοῖς
2077 1600 2429 1673 χρονικοῖς,
2473 1588 2626 1655 κατὰ

447 1696 565 1780 τήν
618 1692 1040 1780 ὄγδοηκοστὴν
1104 1696 1502 1777 ὀλυμπιάδα,
1559 1701 1726 1762 cuius
1786 1699 1929 1762 460.
1994 1700 2215 1780 primus
2277 1707 2370 1762 est
2411 1716 2620 1761 annuS.

440 1805 504 1868 Γ
498 1800 699 1885 εγόνοι
740 1806 900 1867 enirn
956 1806 1464 1885 interpretandum
1518 1823 1664 1869 esse
1720 1813 1902 1869 natus
1946 1807 2063 1882 sit,
2122 1825 2288 1886 non,
2353 1810 2512 1894 quod
2560 1807 2623 1869 in

444 1911 748 1975 Huebneri
796 1913 1064 1975 editione
1112 1913 1435 1975 exhibitum
1498 1920 1629 1992 est,
1685 1914 1916 1994 fuerit,
1973 1915 2198 1977 indicio
2244 1922 2378 1977 sunt
2434 1917 2622 1978 verba

444 2037 597 2100 quae
636 2011 910 2100 proxime
962 2028 1324 2103 sequuntur:
1380 2021 1486 2095 Ὡς
1528 2023 1601 2084 δὲ
1644 2022 1976 2103 Θρασύλος
2023 2058 2100 2071 -
2129 2070 2148 2102 ‚
2191 2017 2344 2085 κατὰ
2387 2021 2455 2085 τό
2492 2024 2625 2104 τρί-

437 2149 545 2190 τον
583 2123 720 2203 ἔτος
762 2130 875 2208 τῆς
918 2120 1190 2211 ἑβδόμης
1239 2131 1348 2192 καί
1379 2122 1839 2211 ἑβδομηκοστῆς
1881 2124 2291 2211 ὀλυμπιάδος,
2336 2128 2623 2214 ἐνιαυτῷ,

442 2232 621 2319 φησί,
667 2233 1093 2319 πρεσβύτερος
1137 2230 1229 2299 ὢν
1275 2234 1675 2317 Σωκράτους.
1749 2282 1757 2298 .

603 2359 778 2439 Apud
819 2359 964 2422 Plut.
1010 2361 1147 2423 adv.
1200 2359 1392 2422 Colot.
1437 2366 1577 2422 torn.
1620 2361 1688 2423 ll.
1729 2380 1866 2443 pag.
1918 2362 2097 2425 1109.
2143 2362 2221 2435 A,
2271 2361 2432 2424 Sext.
2475 2358 2624 2422 Em-

439 2467 550 2548 pir.
596 2466 732 2528 adv.
783 2466 963 2529 Math.
1008 2465 1110 2529 lib.
1153 2466 1279 2529 Vll.
1329 2470 1387 2554 §.
1431 2468 1592 2545 389,
1649 2469 1827 2550 Diog.
1877 2470 2074 2531 Laert.
2122 2469 2224 2537 lib.
2270 2469 2369 2531 IX.
2417 2476 2477 2545 §-
2515 2470 2620 2531 42.

438 2570 844 2656 ProtagoraS‚
909 2592 1087 2655 quem
1151 2576 1315 2637 circa
1381 2593 1597 2638 annum
1642 2574 1784 2639 480.
1843 2576 2036 2638 lucem
2096 2577 2405 2657 aspexisse
2465 2576 2620 2638 infra

441 2682 982 2746 demonstrabimus
1008 2730 1026 2762 ‚
1066 2683 1128 2745 in
1166 2684 1497 2746 Democriti
1538 2685 1775 2764 scriptis
1822 2686 2197 2767 impugnatus
2247 2702 2385 2748 esse
2424 2685 2619 2747 tradi-

436 2795 550 2853 tur.
638 2790 813 2864 Quod
857 2809 1192 2873 quanquam
1238 2809 1370 2853 cum
1416 2794 1677 2853 omnium
1722 2793 1852 2855 fere
1894 2794 2431 2874 computationibus
2462 2810 2618 2854 con-

437 2899 632 2961 ciliari
675 2917 857 2980 posse
897 2899 1054 2961 haud
1097 2900 1315 2963 infitias
1356 2901 1545 2975 imus,
1600 2906 1807 2961 nostra
1855 2909 2051 2964 tamen
2098 2903 2159 2963 in
2205 2921 2378 2982 quam
2424 2904 2617 2983 aptius

435 3007 690 3088 quadret
731 3009 833 3069 vix
896 3009 1234 3090 excogitari
1286 3015 1485 3088 queat.
1594 3010 1772 3072 Anno
1820 3009 1963 3072 460.
2006 3017 2221 3074 matum
2281 3011 2427 3073 dicit
2483 3012 2614 3073 De-

430 3117 744 3178 mocritum
788 3118 967 3179 etiam
1011 3097 1362 3181 Mullachius
1408 3135 1545 3199 pag.
1584 3116 1681 3184 19.
1764 3118 2158 3181 Nihilominus
2200 3137 2340 3202 ege,
2382 3121 2434 3181 si
2480 3121 2614 3200 quis

432 3242 628 3286 meam
701 3225 1136 3306 expositionem
1206 3243 1341 3287 cum
1398 3224 1696 3287 Mullachii
1762 3226 2178 3307 contenderit,
2240 3213 2612 3308 nequaquam

431 3350 558 3394 rem
602 3340 797 3395 actam
841 3334 1046 3416 egisse
1089 3332 1363 3396 videbor.

435 3598 613 3633 omnes
642 3580 1009 3648 probaverunt.
1082 3579 1195 3632 vid.
1233 3581 1273 3631 Ι.
1314 3581 1367 3633 Τ.
1403 3581 1711 3633 Hemsonius
1746 3582 2037 3649 Anaxagor.
2078 3581 2372 3632 Clazomen.
2414 3595 2535 3646 pag.
2561 3579 2614 3645 4,

433 3652 817 3705 Schaubachius
853 3653 1087 3718 Anaxag.
1124 3651 1307 3719 fragm.
1348 3667 1466 3719 pag.
1504 3654 1553 3705 2.
1594 3660 1647 3703 et
1683 3669 1732 3720 q.
1772 3661 2010 3719 seqq..et
2043 3651 2128 3705 45.
2170 3668 2346 3719 seqq.,
2386 3651 2612 3702 Ritterus

315 3734 319 3742 “
431 3722 612 3773 histor.
647 3722 833 3789 philos.
870 3723 981 3774 Ion.
1016 3724 1304 3790 pag.ss203‚
1348 3723 1520 3775 Clinto
1558 3721 1695 3775 Fast.
1737 3723 1869 3774 nell.
1909 3738 1939 3775 a
1977 3724 2099 3778 500.
2132 3725 2255 3777 480.
2293 3723 2432 3786 428,
2471 3722 2611 3772 Teu-

432 3808 716 3843 nemannus
757 3792 876 3843 hist.
927 3793 1114 3860 philos.
1161 3792 1240 3843 ed.
1284 3794 1481 3844 Wendt
1527 3801 1648 3844 tom.
1687 3793 1725 3845 1.
1779 3809 1899 3862 pag.
1937 3794 2057 3846 369.
2115 3802 2167 3844 et
2221 3793 2490 3844 Wendtius
2543 3791 2606 3844 ad

429 3863 566 3914 hunc
586 3863 931 3914 Tennemanni
972 3863 1161 3927 locum,
1199 3864 1500 3915 Huebnerus
1527 3864 1589 3914 ad
1616 3864 1864 3932 Diogenis
1904 3865 1969 3914 de
2006 3864 2190 3931 quibus
2227 3866 2395 3930 agitur
2429 3864 2608 3927 verba,

429 3942 485 3986 et
533 3935 621 4002 qui
676 3948 806 4000 opus
855 3933 1115 3986 Huebneri
1168 3943 1332 3985 morte
1379 3937 1718 4009 interruptum
1767 3934 1992 3985 absolvit
2026 3934 2332 3986 lacobitzius
2384 3933 2604 4000 append.

428 4007 559 4069 crit„
599 4004 890 4056 Brandisius
928 4003 1107 4056 histor.
1143 4003 1332 4071 philos.
1377 4014 1497 4056 tom.
1526 4006 1564 4056 Ι.
1609 4021 1726 4073 pag.
1763 4005 1885 4056 234.
1959 4005 2198 4055 Ceterum
2241 4007 2311 4055 ita
2348 4004 2604 4055 delinien-

428 4075 542 4126 dam
581 4091 698 4126 esse
719 4075 1061 4140 Anaxagorae
1095 4082 1313 4128 aetatem
1349 4076 1598 4127 indicavit
1631 4079 1730 4126 iam
1767 4075 2016 4140 Scaliger,
2050 4076 2094 4127 si
2130 4077 2336 4142 quidem
2378 4092 2489 4126 eius
2527 4082 2606 4125 est

427 4145 774 4213 olympiadum
816 4145 1095 4211 descriptio
1144 4148 1199 4197 in
1238 4147 1450 4198 Eusebii
1504 4147 1730 4198 editione
1777 4145 2019 4197 exhibita.
2093 4146 2411 4229 Olympiadis
2466 4145 2602 4194 enim

427 4217 841 4284 septuagesimae
879 4230 1013 4266 anno
1054 4217 1218 4285 primo
1251 4226 1458 4283 natum,
1515 4218 1866 4285 octogesimae
1900 4225 2117 4268 octavae
2151 4219 2314 4286 primo
2354 4223 2605 4268 mortuum

428 4287 606 4342 statuit
637 4289 1015 4355 Anaxagoram.
