2975 4959
1318 309 1412 322 -
1526 278 1660 381 ⁴[pss]
1753 316 1858 349 .—

494 460 662 538 lfisst,
706 459 827 523 und
870 460 1069 524 finden
1117 461 1281 525 dieas
1319 462 1639 538 natur-ticli,
1689 463 1764 525 da
1811 480 1881 526 er
1923 463 2087 526 nicht
2129 461 2315 526 durch
2341 463 2511 526 scine
2537 463 2677 544 phi-

489 568 919 649 losophischen
944 569 1318 633 Grundsatze
1360 571 1468 633 auf
1500 571 1599 633 die
1623 570 1928 651 Rhetorik‚
1971 570 2237 635 sondern
2284 571 2471 636 durch
2502 573 2671 634 diese

480 677 595 739 auf
638 679 784 757 jene
826 678 1070 760 gesiihrt
1110 679 1363 749 worden
1410 680 1540 742 ist.“
1626 680 1854 753 Quibus
1896 680 2099 743 verbis
2153 697 2545 761 quaecunque
2587 681 2670 742 de

484 786 811 868 Protagora
858 788 1238 867 pronuntiata
1284 793 1439 864 sunt,
1480 787 1717 869 singula
1764 807 2035 870 quaeque
2077 788 2228 851 falsa
2268 806 2408 851 esse
2451 791 2664 869 partim

483 895 602 957 iam
655 901 919 975 apparet,
957 897 1168 976 partim
1211 896 1640 978 progrediente
1687 896 2086 977 disputatione
2130 897 2364 977 planum
2409 896 2525 959 fiet.

647 1003 814 1075 Quae
858 1020 992 1065 cum
1033 1004 1114 1065 ita
1156 1004 1310 1080 sint,
1375 1020 1497 1085 ego
1555 1002 1631 1066 de
1675 1004 1793 1066 hac
1831 1005 2186 1086 quaestione
2231 1021 2355 1066 non
2416 1022 2658 1085 possum

482 1110 623 1189 quin
665 1110 746 1171 ita
792 1117 1066 1173 statuam.
1152 1111 1517 1192 Protagoras
1575 1111 1895 1175 universae
1954 1113 2266 1175 doctrinae
2331 1129 2480 1174 suae
2524 1112 2666 1174 fun-

483 1217 821 1280 damentum
850 1220 1050 1298 posuit
1073 1218 1473 1281 Heracliteum
1517 1219 1658 1281 illud
1701 1222 1902 1282 omnia
1947 1222 2198 1297 moveri,
2244 1236 2360 1301 quo
2388 1238 2468 1282 ex
2491 1222 2665 1301 prin-

484 1327 643 1407 cipio
685 1343 866 1388 unum
910 1326 1191 1408 quodque
1238 1328 1371 1391 eius
1428 1327 1707 1407 placitum
1758 1328 1937 1391 facile
1982 1335 2181 1409 potest
2240 1327 2456 1391 deduci
2503 1346 2666 1409 quo-

482 1450 598 1513 que
644 1435 843 1496 omnia
887 1441 1026 1498 sunt
1065 1436 1238 1516 quasi
1278 1435 1538 1515 perfusa.
1623 1435 1744 1498 Sed
1802 1452 1924 1498 non
1974 1436 2213 1497 recoxit
2256 1437 2668 1499 tantummodo

483 1541 866 1604 Heraclitea:
931 1543 1113 1604 immo
1160 1545 1403 1623 proprio
1451 1543 1698 1624 ingenio
1755 1542 1815 1605 in
1860 1542 2246 1605 fundamento
2286 1542 2386 1607 illo
2442 1562 2662 1606 novam

481 1650 754 1712 condidit
788 1652 1105 1712 rationem.
1611 1717 1620 1731 ¹

648 1755 713 1819 Si
771 1758 903 1838 quis
967 1774 1116 1820 veru
1187 1759 1328 1839 quid
1393 1757 1631 1821 tandem
1698 1760 2059 1841 Protagoras
2094 1759 2491 1845 ,philosophia
2552 1778 2661 1824 sua

484 1872 844 1928 consecutus
868 1867 945 1928 sit
966 1866 1249 1946 requirat,
1294 1866 1412 1930 hoc
1445 1869 1627 1950 igitur
1666 1867 1883 1948 duplex
1908 1875 2017 1930 est.
2068 1869 2242 1942 Quod
2268 1872 2423 1931 enim
2458 1868 2533 1930 ad
2558 1886 2659 1931 res

480 1976 710 2052 attinet,
753 1974 898 2037 nihil
926 1992 1064 2038 esse
1091 1977 1330 2038 statuit:
1374 1977 1538 2058 quod
1582 1994 1732 2040 vero
1763 1977 1838 2039 ad
1869 1978 2191 2052 hominem,
2234 1979 2492 2040 omnium
2522 1995 2657 2039 eum

480 2101 677 2145 rerum
725 2100 866 2146 esse
905 2102 1262 2148 mensuram.
1306 2086 1504 2166 Atque
1530 2087 1732 2167 priore
1767 2086 2004 2166 quidem
2032 2085 2133 2149 illo
2159 2086 2303 2149 nihil
2329 2086 2658 2167 profectum

483 2207 623 2254 esse
670 2191 894 2254 dixeris
919 2239 937 2267 ,
983 2210 1114 2254 cum
1157 2193 1302 2255 satis
1345 2193 1626 2255 hahuerit
1666 2193 1933 2274 sophista
1979 2211 2205 2275 negare
2242 2196 2439 2274 potius
2485 2211 2657 2273 quam

470 2299 827 2363 condiderit
870 2301 1113 2380 aliquid.
1200 2301 1320 2364 Sed
1381 2300 1502 2363 hoc
1558 2302 1689 2382 ipso
1732 2301 1949 2383 placito
1993 2303 2355 2383 Protagoras
2415 2309 2510 2380 et,
2562 2302 2659 2382 qui

486 2426 621 2470 cum
666 2409 768 2470 illo
816 2408 931 2470 hac
973 2411 1034 2470 in
1077 2427 1145 2471 re
1189 2412 1506 2491 congruit,
1545 2410 1804 2491 Gorgias
1845 2409 2259 2489 ostenderunt,
2304 2411 2476 2473 aliam
2521 2427 2660 2472 esse

484 2516 889 2595 quaerendam
953 2535 1157 2578 veram
1224 2519 1550 2580 essentiam
1616 2491 1796 2597 quani
1859 2536 2012 2597 quae
2073 2518 2252 2600 vulgo
2317 2519 2658 2580 diceretur:

480 2641 657 2703 quam
702 2625 940 2703 quidem
988 2624 1463 2705 investigandam
1511 2625 1625 2705 ipsi
1672 2626 1805 2687 aliis
1850 2625 2232 2705 reliquerunt.
2314 2625 2494 2689 Multo
2528 2625 2658 2704 plus

481 2750 631 2795 vero
690 2734 766 2795 ad
828 2733 1261 2815 philosophiam
1306 2734 1778 2814 promovendam
1838 2751 1915 2796 eo
1978 2734 2227 2825 contulit
2268 2735 2654 2814 Protagoras,

478 2842 640 2921 quod
702 2842 1004 2904 hominem
1075 2842 1223 2904 dixit
1283 2843 1544 2905 omnium
1608 2861 1809 2905 rerum
1875 2860 2232 2905 mensuram.
2347 2841 2437 2904 Eo
2496 2844 2654 2903 enim

480 2957 736 3013 mentem
807 2952 901 3012 sui
963 2953 1270 3014 consciam
1328 2951 1594 3013 reddidit
1663 2951 1964 3033 rebusque
2030 2953 2398 3032 superiorem
2474 2969 2659 3032 prae-

472 3058 694 3137 posuit.
780 3058 947 3120 Mens
1006 3075 1155 3121 vero
1197 3057 1445 3121 simulac
1503 3060 1596 3120 sui
1640 3075 1888 3138 compos
1928 3059 2087 3121 facta
2144 3065 2275 3136 est,
2334 3060 2654 3121 insolentia

477 3166 732 3245 quadam
773 3166 945 3246 quasi
980 3168 1253 3247 gestiens
1295 3166 1487 3226 iustos
1531 3165 1683 3227 fines
1723 3169 2003 3228 excessit.
2086 3166 2234 3228 Nam
2278 3184 2412 3228 cum
2456 3184 2654 3228 rerum

478 3274 740 3335 essentia
767 3321 786 3354 ‚
846 3291 1001 3353 quae
1061 3276 1306 3355 insuper
1370 3279 1656 3354 perpetua
1700 3275 1965 3336 motione
2011 3274 2169 3336 facta
2226 3281 2321 3336 est
2382 3274 2654 3351 relativa,

476 3400 514 3443 a
575 3400 854 3445 sensuum
921 3382 1334 3446 affectionibus
1396 3401 1507 3464 pro
1569 3383 1810 3445 diverso
1869 3385 2002 3464 sive
2071 3385 2341 3446 eiusdem
2395 3382 2654 3444 hominis

480 3490 612 3553 sive
686 3491 1059 3554 diversorum
1132 3491 1335 3554 habitu
1401 3491 1657 3552 diversis
1724 3497 1850 3553 tota
1909 3491 2210 3571 pendeat,
2282 3507 2403 3552 non
2471 3489 2655 3553 homo

474 3596 610 3660 κατ’
654 3595 820 3672 εἶδος
862 3599 1077 3676 (Ιίοῑιιε,
1119 3599 1229 3661 sed
1270 3616 1424 3662 unus
1473 3598 1725 3678 quisque
1767 3598 1947 3661 homo
1984 3617 2181 3660 rerum
2224 3605 2317 3659 est
2348 3614 2651 3660 mensura.

472 3704 692 3768 Mentis
722 3709 880 3769 enim
908 3709 1078 3770 notio
1121 3725 1245 3770 non
1289 3713 1381 3768 est
1425 3708 1759 3769 communis
1798 3707 2111 3787 quaedam,
2153 3706 2228 3767 ad
2258 3723 2431 3787 quam
2455 3707 2654 3769 omnia

476 3816 601 3874 sint
645 3814 1006 3894 referenda,
1066 3815 1176 3878 sed
1237 3833 1444 3878 verum
1486 3821 1579 3876 est
1619 3815 1780 3896 quod
1825 3833 1975 3878 unus
2018 3815 2269 3896 quisque
2317 3815 2448 3899 ἰδίᾳ.
2491 3836 2655 3897 ‹ppo-

470 3916 654 4000 φήσει
713 3939 917 3984 verum
987 3940 1126 3985 esse
1186 3929 1366 4003 putat.
1452 3924 1648 4003 Atque
1703 3924 1823 3985 hoc
1883 3930 1974 3986 est
2029 3924 2353 4004 praecipue
2399 3936 2517 4004 quo
2579 3920 2654 3981 ab

473 4027 775 4091 Heraclito
817 4031 1178 4110 Protagoras
1221 4032 1435 4108 differt,
1477 4050 1715 4113 quoque
1753 4032 2124 4114 singulorum
2170 4033 2476 4112 utriusque
2520 4029 2653 4110 pla·-

478 4139 731 4199 citorum
788 4137 1191 4219 discrepantia
1257 4146 1381 4202 tota
1438 4141 1787 4221 explicatur.
1873 4140 2148 4221 Sophista
2194 4142 2352 4203 enim
2409 4139 2656 4200 alteram

475 4247 879 4310 tautummodo
911 4247 1288 4310 Heracliteae
1321 4248 1633 4311 doctrinae
1660 4256 1910 4329 partem,
1955 4267 2109 4328 quae
2152 4256 2245 4311 est
2286 4249 2362 4310 de
2406 4253 2652 4309 aeterna

473 4355 765 4438 modone,
808 4375 973 4420 suam
1019 4357 1185 4435 fecit,
1229 4359 1458 4420 omisso
1504 4357 1627 4435 illo,
1671 4373 1788 4436 quo
1832 4359 2157 4421 motionum
2192 4358 2451 4421 varietas
2483 4357 2657 4436 quasi
