<?xml version="1.0" encoding="UTF-8"?>
<!DOCTYPE html PUBLIC "-//W3C//DTD XHTML 1.0 Transitional//EN"
    "http://www.w3.org/TR/xhtml1/DTD/xhtml1-transitional.dtd">
<html xmlns="http://www.w3.org/1999/xhtml" xml:lang="en" lang="en">
 <head>
  <title>
</title>
<meta http-equiv="Content-Type" content="text/html;charset=utf-8" />
  <meta name='ocr-system' content='tesseract 3.04.00' />
  <meta name='ocr-capabilities' content='ocr_page ocr_carea ocr_par ocr_line ocrx_word'/>
</head>
<body>
  <div class='ocr_page' id='page_1' title='image "./quaestionesprot00freigoog_0059.png"; bbox 0 0 2975 4959; ppageno 0'>
   <div class='ocr_carea' id='block_1_1' title="bbox 1167 283 1654 356">
    <p class='ocr_par' dir='ltr' id='par_1_1' title="bbox 1167 283 1654 356">
     <span class='ocr_line' id='line_1_1' title="bbox 1167 283 1654 356; baseline 0.002 -20"><span class='ocrx_word' id='word_1_1' title='bbox 1167 283 1654 356; x_wconf 53' lang='lat'>...474-</span> 
     </span>
    </p>
   </div>
   <div class='ocr_carea' id='block_1_2' title="bbox 331 470 2634 1530">
    <p class='ocr_par' dir='ltr' id='par_1_2' title="bbox 331 470 2634 1530">
     <span class='ocr_line' id='line_1_2' title="bbox 339 470 2526 555; baseline 0.002 -19"><span class='ocrx_word' id='word_1_2' title='bbox 339 470 729 537; x_wconf 74' lang='lat' dir='ltr'><strong>mentiti&#39;sint</strong></span> <span class='ocrx_word' id='word_1_3' title='bbox 766 472 1157 555; x_wconf 71' lang='lat' dir='ltr'><strong>grammatici.</strong></span> <span class='ocrx_word' id='word_1_4' title='bbox 1242 472 1443 545; x_wconf 80' lang='lat' dir='ltr'><strong>Quare</strong></span> <span class='ocrx_word' id='word_1_5' title='bbox 1486 474 1854 554; x_wconf 64' lang='lat' dir='ltr'><strong>-acqm‘escit</strong></span> <span class='ocrx_word' id='word_1_6' title='bbox 1892 473 2162 537; x_wconf 61' lang='lat' dir='ltr'><strong>tandem⁵</strong></span> <span class='ocrx_word' id='word_1_7' title='bbox 2194 476 2256 538; x_wconf 80' lang='lat' dir='ltr'><strong>in</strong></span> <span class='ocrx_word' id='word_1_8' title='bbox 2310 475 2526 540; x_wconf 45' lang='lat' dir='ltr'><strong>verbio</strong></span> 
     </span>
     <span class='ocr_line' id='line_1_3' title="bbox 336 581 2515 665; baseline -0.004 -20"><span class='ocrx_word' id='word_1_9' title='bbox 336 582 450 646; x_wconf 87' lang='lat' dir='ltr'><strong>illis</strong></span> <span class='ocrx_word' id='word_1_10' title='bbox 488 600 667 662; x_wconf 88' lang='lat' dir='ltr'><strong>supra</strong></span> <span class='ocrx_word' id='word_1_11' title='bbox 713 581 941 657; x_wconf 79' lang='lat' dir='ltr'><strong>citatis:</strong></span> <span class='ocrx_word' id='word_1_12' title='bbox 990 581 1303 658; x_wconf 79' lang='lat' dir='ltr'><strong>„Fortasse</strong></span> <span class='ocrx_word' id='word_1_13' title='bbox 1344 583 1696 644; x_wconf 85' lang='lat' dir='ltr'><strong>tutissimum</strong></span> <span class='ocrx_word' id='word_1_14' title='bbox 1744 588 1837 644; x_wconf 89' lang='lat' dir='ltr'><strong>est</strong></span> <span class='ocrx_word' id='word_1_15' title='bbox 1867 588 2168 660; x_wconf 81' lang='lat' dir='ltr'><strong>statuere,</strong></span> <span class='ocrx_word' id='word_1_16' title='bbox 2216 582 2515 665; x_wconf 71' lang='lat' dir='ltr'><strong>Protago-</strong></span> 
     </span>
     <span class='ocr_line' id='line_1_4' title="bbox 338 690 2530 773; baseline -0.001 -19"><span class='ocrx_word' id='word_1_17' title='bbox 338 709 463 754; x_wconf 85' lang='lat' dir='ltr'><strong>ram</strong></span> <span class='ocrx_word' id='word_1_18' title='bbox 527 690 724 771; x_wconf 84' lang='lat' dir='ltr'><strong>paullo</strong></span> <span class='ocrx_word' id='word_1_19' title='bbox 788 696 924 751; x_wconf 86' lang='lat' dir='ltr'><strong>ante</strong></span> <span class='ocrx_word' id='word_1_20' title='bbox 985 708 1157 771; x_wconf 86' lang='lat' dir='ltr'><strong>quam</strong></span> <span class='ocrx_word' id='word_1_21' title='bbox 1227 692 1536 755; x_wconf 80' lang='lat' dir='ltr'>Socratem</span> <span class='ocrx_word' id='word_1_22' title='bbox 1595 696 1902 758; x_wconf 71' lang='lat' dir='ltr'><strong>mortuum</strong></span> <span class='ocrx_word' id='word_1_23' title='bbox 1950 706 2091 752; x_wconf 72' lang='lat' dir='ltr'><strong>esse</strong></span> <span class='ocrx_word' id='word_1_24' title='bbox 2147 696 2210 752; x_wconf 88' lang='lat' dir='ltr'><strong>et</strong></span> <span class='ocrx_word' id='word_1_25' title='bbox 2243 692 2530 773; x_wconf 56' lang='lat' dir='ltr'><strong>circiter</strong></span> 
     </span>
     <span class='ocr_line' id='line_1_5' title="bbox 341 798 2515 880; baseline -0 -19"><span class='ocrx_word' id='word_1_26' title='bbox 341 800 552 861; x_wconf 82' lang='lat' dir='ltr'><strong>decem</strong></span> <span class='ocrx_word' id='word_1_27' title='bbox 599 801 772 863; x_wconf 86' lang='lat' dir='ltr'><strong>annis</strong></span> <span class='ocrx_word' id='word_1_28' title='bbox 814 800 1105 861; x_wconf 85' lang='lat' dir='ltr'><strong>maiorem</strong></span> <span class='ocrx_word' id='word_1_29' title='bbox 1152 800 1341 872; x_wconf 85' lang='lat' dir='ltr'><strong>fuisse</strong></span> <span class='ocrx_word' id='word_1_30' title='bbox 1383 817 1557 879; x_wconf 84' lang='lat' dir='ltr'><strong>quam</strong></span> <span class='ocrx_word' id='word_1_31' title='bbox 1588 800 2055 862; x_wconf 53' lang='lat' dir='ltr'><strong>Democritum*ss</strong></span> <span class='ocrx_word' id='word_1_32' title='bbox 2140 798 2318 880; x_wconf 79' lang='lat' dir='ltr'><strong>Quod</strong></span> <span class='ocrx_word' id='word_1_33' title='bbox 2354 798 2515 860; x_wconf 89' lang='lat' dir='ltr'><strong>unde</strong></span> 
     </span>
     <span class='ocr_line' id='line_1_6' title="bbox 341 907 2514 990; baseline -0 -20"><span class='ocrx_word' id='word_1_34' title='bbox 341 908 653 990; x_wconf 86' lang='lat' dir='ltr'><strong>collegerit</strong></span> <span class='ocrx_word' id='word_1_35' title='bbox 674 907 864 969; x_wconf 87' lang='lat' dir='ltr'><strong>Clinto</strong></span> <span class='ocrx_word' id='word_1_36' title='bbox 891 907 1046 970; x_wconf 88' lang='lat' dir='ltr'><strong>haud</strong></span> <span class='ocrx_word' id='word_1_37' title='bbox 1079 911 1224 971; x_wconf 89' lang='lat' dir='ltr'><strong>satis</strong></span> <span class='ocrx_word' id='word_1_38' title='bbox 1247 909 1622 989; x_wconf 78' lang='lat' dir='ltr'>perspicitur,</span> <span class='ocrx_word' id='word_1_39' title='bbox 1666 925 1820 969; x_wconf 65' lang='lat' dir='ltr'><strong>enm.</strong></span> <span class='ocrx_word' id='word_1_40' title='bbox 1843 908 2308 986; x_wconf 76' lang='lat' dir='ltr'><strong>veterumloeos</strong></span> <span class='ocrx_word' id='word_1_41' title='bbox 2355 924 2514 969; x_wconf 81' lang='lat' dir='ltr'><strong>con-</strong></span> 
     </span>
     <span class='ocr_line' id='line_1_7' title="bbox 334 999 2515 1097; baseline -0.003 -18"><span class='ocrx_word' id='word_1_42' title='bbox 334 1017 639 1097; x_wconf 79' lang='lat' dir='ltr'><strong>tempserit</strong></span> <span class='ocrx_word' id='word_1_43' title='bbox 667 1033 894 1082; x_wconf 82' lang='lat' dir='ltr'><strong>omnes,</strong></span> <span class='ocrx_word' id='word_1_44' title='bbox 939 1017 1186 1079; x_wconf 88' lang='lat' dir='ltr'><strong>Videtur</strong></span> <span class='ocrx_word' id='word_1_45' title='bbox 1212 1016 1289 1078; x_wconf 92' lang='lat' dir='ltr'><strong>de</strong></span> <span class='ocrx_word' id='word_1_46' title='bbox 1332 1033 1490 1080; x_wconf 86' lang='lat' dir='ltr'><strong>anuo</strong></span> <span class='ocrx_word' id='word_1_47' title='bbox 1518 1016 1659 1084; x_wconf 82' lang='lat'><strong>470.</strong></span> <span class='ocrx_word' id='word_1_48' title='bbox 1700 1012 1887 1096; x_wconf 77' lang='grc' dir='ltr'><strong>ἐγγύς</strong></span> <span class='ocrx_word' id='word_1_49' title='bbox 1924 999 2359 1095; x_wconf 57' lang='lat' dir='ltr'><strong>{effeminantia</strong></span> <span class='ocrx_word' id='word_1_50' title='bbox 2395 1016 2515 1077; x_wconf 88' lang='lat' dir='ltr'><strong>de.·-</strong></span> 
     </span>
     <span class='ocr_line' id='line_1_8' title="bbox 335 1122 2516 1205; baseline 0 -19"><span class='ocrx_word' id='word_1_51' title='bbox 335 1125 615 1203; x_wconf 80' lang='lat' dir='ltr'><strong>duxisse,</strong></span> <span class='ocrx_word' id='word_1_52' title='bbox 685 1124 748 1186; x_wconf 86' lang='lat' dir='ltr'><strong>id</strong></span> <span class='ocrx_word' id='word_1_53' title='bbox 797 1125 956 1205; x_wconf 87' lang='lat' dir='ltr'><strong>quod</strong></span> <span class='ocrx_word' id='word_1_54' title='bbox 1001 1142 1122 1186; x_wconf 88' lang='lat' dir='ltr'><strong>non</strong></span> <span class='ocrx_word' id='word_1_55' title='bbox 1167 1124 1323 1186; x_wconf 87' lang='lat' dir='ltr'><strong>male</strong></span> <span class='ocrx_word' id='word_1_56' title='bbox 1368 1124 1589 1196; x_wconf 83' lang='lat' dir='ltr'><strong>factum</strong></span> <span class='ocrx_word' id='word_1_57' title='bbox 1635 1130 1836 1202; x_wconf 86' lang='lat' dir='ltr'><strong>esset,</strong></span> <span class='ocrx_word' id='word_1_58' title='bbox 1881 1124 1935 1185; x_wconf 93' lang='lat' dir='ltr'><strong>si</strong></span> <span class='ocrx_word' id='word_1_59' title='bbox 1991 1122 2151 1185; x_wconf 86' lang='lat' dir='ltr'><strong>illum</strong></span> <span class='ocrx_word' id='word_1_60' title='bbox 2193 1140 2346 1186; x_wconf 74' lang='lat' dir='ltr'><strong>esse</strong></span> <span class='ocrx_word' id='word_1_61' title='bbox 2392 1142 2516 1192; x_wconf 54' lang='grc' dir='ltr'><strong>ηιμ,</strong></span> 
     </span>
     <span class='ocr_line' id='line_1_9' title="bbox 331 1213 2634 1326; baseline 0.001 -32"><span class='ocrx_word' id='word_1_62' title='bbox 331 1250 471 1295; x_wconf 83' lang='lat' dir='ltr'><strong>num</strong></span> <span class='ocrx_word' id='word_1_63' title='bbox 526 1232 783 1305; x_wconf 81' lang='lat' dir='ltr'><strong>natalem</strong></span> <span class='ocrx_word' id='word_1_64' title='bbox 840 1250 911 1295; x_wconf 90' lang='lat' dir='ltr'><strong>re</strong></span> <span class='ocrx_word' id='word_1_65' title='bbox 968 1250 1113 1294; x_wconf 88' lang='lat' dir='ltr'><strong>vera</strong></span> <span class='ocrx_word' id='word_1_66' title='bbox 1175 1232 1670 1296; x_wconf 72' lang='lat' dir='ltr'><strong>demonstrasset.</strong></span> <span class='ocrx_word' id='word_1_67' title='bbox 1769 1229 1889 1295; x_wconf 83' lang='lat' dir='ltr'><strong>Sed</strong></span> <span class='ocrx_word' id='word_1_68' title='bbox 1948 1230 2082 1293; x_wconf 88' lang='lat' dir='ltr'><strong>hoc.</strong></span> <span class='ocrx_word' id='word_1_69' title='bbox 2127 1231 2334 1311; x_wconf 64' lang='lat' dir='ltr'><strong>ipsimi*</strong></span> <span class='ocrx_word' id='word_1_70' title='bbox 2376 1213 2536 1296; x_wconf 56' lang='lat' dir='ltr'><strong>cums·</strong></span> <span class='ocrx_word' id='word_1_71' title='bbox 2611 1299 2634 1326; x_wconf 43' lang='lat'>0</span> 
     </span>
     <span class='ocr_line' id='line_1_10' title="bbox 337 1323 2520 1421; baseline -0 -18"><span class='ocrx_word' id='word_1_72' title='bbox 337 1357 454 1421; x_wconf 85' lang='lat' dir='ltr'><strong>quo</strong></span> <span class='ocrx_word' id='word_1_73' title='bbox 498 1341 716 1402; x_wconf 81' lang='lat' dir='ltr'><strong>nitatur</strong></span> <span class='ocrx_word' id='word_1_74' title='bbox 762 1356 885 1402; x_wconf 88' lang='lat' dir='ltr'><strong>non</strong></span> <span class='ocrx_word' id='word_1_75' title='bbox 924 1323 1191 1421; x_wconf 77' lang='lat' dir='ltr'><strong>habeat,</strong></span> <span class='ocrx_word' id='word_1_76' title='bbox 1256 1341 1435 1403; x_wconf 90' lang='lat' dir='ltr'><strong>etiam</strong></span> <span class='ocrx_word' id='word_1_77' title='bbox 1481 1340 1643 1421; x_wconf 89' lang='lat' dir='ltr'><strong>quod</strong></span> <span class='ocrx_word' id='word_1_78' title='bbox 1698 1340 1842 1402; x_wconf 86' lang='lat' dir='ltr'><strong>inde</strong></span> <span class='ocrx_word' id='word_1_79' title='bbox 1885 1341 2327 1404; x_wconf 79' lang='lat' dir='ltr'><strong>consectarium</strong></span> <span class='ocrx_word' id='word_1_80' title='bbox 2366 1339 2520 1410; x_wconf 69' lang='lat' dir='ltr'><strong>fecit</strong></span> 
     </span>
     <span class='ocr_line' id='line_1_11' title="bbox 339 1449 996 1530; baseline 0.002 -19"><span class='ocrx_word' id='word_1_81' title='bbox 339 1449 505 1512; x_wconf 85' lang='lat' dir='ltr'><strong>nihili</strong></span> <span class='ocrx_word' id='word_1_82' title='bbox 544 1466 687 1512; x_wconf 90' lang='lat' dir='ltr'><strong>esse</strong></span> <span class='ocrx_word' id='word_1_83' title='bbox 732 1454 996 1530; x_wconf 85' lang='lat' dir='ltr'><strong>apparet.</strong></span> 
     </span>
    </p>
   </div>
   <div class='ocr_carea' id='block_1_3' title="bbox 1340 1614 1502 1693">
    <p class='ocr_par' dir='ltr' id='par_1_3' title="bbox 1340 1614 1502 1693">
     <span class='ocr_line' id='line_1_12' title="bbox 1340 1614 1502 1693; baseline -0.012 0"><span class='ocrx_word' id='word_1_84' title='bbox 1340 1626 1415 1693; x_wconf 48' lang='lat' dir='ltr'><strong>§v</strong></span> <span class='ocrx_word' id='word_1_85' title='bbox 1443 1614 1502 1691; x_wconf 69' lang='grc'><strong>5·-</strong></span> 
     </span>
    </p>
   </div>
   <div class='ocr_carea' id='block_1_4' title="bbox 246 1727 2630 4460">
    <p class='ocr_par' dir='ltr' id='par_1_4' title="bbox 333 1727 2630 2388">
     <span class='ocr_line' id='line_1_13' title="bbox 495 1727 2510 1847; baseline 0 -21"><span class='ocrx_word' id='word_1_86' title='bbox 495 1727 894 1826; x_wconf 54' lang='grc' dir='ltr'><strong>Νοῖιίεείηιαηι</strong></span> <span class='ocrx_word' id='word_1_87' title='bbox 940 1765 1015 1827; x_wconf 89' lang='lat' dir='ltr'><strong>de</strong></span> <span class='ocrx_word' id='word_1_88' title='bbox 1034 1764 1400 1847; x_wconf 76' lang='lat' dir='ltr'><strong>Protagorae</strong></span> <span class='ocrx_word' id='word_1_89' title='bbox 1445 1773 1507 1829; x_wconf 91' lang='lat' dir='ltr'><strong>et</strong></span> <span class='ocrx_word' id='word_1_90' title='bbox 1549 1766 1667 1827; x_wconf 79' lang='lat' dir='ltr'><strong>vita</strong></span> <span class='ocrx_word' id='word_1_91' title='bbox 1714 1771 1775 1827; x_wconf 88' lang='lat' dir='ltr'><strong>et</strong></span> <span class='ocrx_word' id='word_1_92' title='bbox 1816 1765 2049 1845; x_wconf 85' lang='lat' dir='ltr'><strong>placitis</strong></span> <span class='ocrx_word' id='word_1_93' title='bbox 2094 1765 2510 1844; x_wconf 85' lang='lat' dir='ltr'><strong>quaestionem</strong></span> 
     </span>
     <span class='ocr_line' id='line_1_14' title="bbox 338 1871 2630 1959; baseline 0 -26"><span class='ocrx_word' id='word_1_94' title='bbox 338 1871 586 1934; x_wconf 77' lang='lat' dir='ltr'><strong>instituit</strong></span> <span class='ocrx_word' id='word_1_95' title='bbox 647 1872 794 1933; x_wconf 86' lang='lat' dir='ltr'><strong>Lud.</strong></span> <span class='ocrx_word' id='word_1_96' title='bbox 862 1874 1412 1959; x_wconf 71' lang='lat' dir='ltr'><strong>Ferd.·Herbstius</strong></span> <span class='ocrx_word' id='word_1_97' title='bbox 1471 1873 1629 1936; x_wconf 88' lang='lat' dir='ltr'><strong>libro</strong></span> <span class='ocrx_word' id='word_1_98' title='bbox 1682 1890 1820 1955; x_wconf 85' lang='lat' dir='ltr'><strong>pag.</strong></span> <span class='ocrx_word' id='word_1_99' title='bbox 1872 1875 1931 1935; x_wconf 81' lang='lat'><strong>5.</strong></span> <span class='ocrx_word' id='word_1_100' title='bbox 1996 1879 2505 1936; x_wconf 81' lang='lat' dir='ltr'><strong>commemorato:</strong></span> <span class='ocrx_word' id='word_1_101' title='bbox 2625 1923 2630 1926; x_wconf 72' lang='grc'>-</span> 
     </span>
     <span class='ocr_line' id='line_1_15' title="bbox 334 1981 2512 2064; baseline 0.001 -23"><span class='ocrx_word' id='word_1_102' title='bbox 334 1998 507 2060; x_wconf 83' lang='lat' dir='ltr'><strong>quam</strong></span> <span class='ocrx_word' id='word_1_103' title='bbox 547 1987 719 2061; x_wconf 92' lang='lat' dir='ltr'><strong>putes</strong></span> <span class='ocrx_word' id='word_1_104' title='bbox 759 1982 1013 2044; x_wconf 88' lang='lat' dir='ltr'><strong>eandem</strong></span> <span class='ocrx_word' id='word_1_105' title='bbox 1060 1999 1198 2045; x_wconf 90' lang='lat' dir='ltr'><strong>esse</strong></span> <span class='ocrx_word' id='word_1_106' title='bbox 1224 1985 1552 2064; x_wconf 84' lang='lat' dir='ltr'><strong>optimam,</strong></span> <span class='ocrx_word' id='word_1_107' title='bbox 1612 1984 1665 2044; x_wconf 90' lang='lat' dir='ltr'><strong>si</strong></span> <span class='ocrx_word' id='word_1_108' title='bbox 1715 1989 2170 2063; x_wconf 81' lang='lat' dir='ltr'><strong>praeceptorem</strong></span> <span class='ocrx_word' id='word_1_109' title='bbox 2216 1982 2347 2044; x_wconf 82' lang='lat' dir='ltr'><strong>eius</strong></span> <span class='ocrx_word' id='word_1_110' title='bbox 2388 1981 2512 2044; x_wconf 75' lang='lat' dir='ltr'><strong>Pe·-</strong></span> 
     </span>
     <span class='ocr_line' id='line_1_16' title="bbox 334 2089 2511 2178; baseline 0.001 -29"><span class='ocrx_word' id='word_1_111' title='bbox 334 2090 659 2152; x_wconf 85' lang='lat' dir='ltr'><strong>tersenium</strong></span> <span class='ocrx_word' id='word_1_112' title='bbox 697 2090 765 2151; x_wconf 82' lang='lat' dir='ltr'><strong>in</strong></span> <span class='ocrx_word' id='word_1_113' title='bbox 810 2091 1185 2172; x_wconf 81' lang='lat' dir='ltr'><strong>praefatione</strong></span> <span class='ocrx_word' id='word_1_114' title='bbox 1227 2090 1570 2171; x_wconf 86' lang='lat' dir='ltr'><strong>loquentem</strong></span> <span class='ocrx_word' id='word_1_115' title='bbox 1601 2090 1899 2178; x_wconf 80' lang='lat' dir='ltr'><strong>audieris.</strong></span> <span class='ocrx_word' id='word_1_116' title='bbox 1989 2089 2192 2162; x_wconf 82' lang='lat' dir='ltr'><strong>Qualis</strong></span> <span class='ocrx_word' id='word_1_117' title='bbox 2231 2107 2370 2152; x_wconf 90' lang='lat' dir='ltr'><strong>num</strong></span> <span class='ocrx_word' id='word_1_118' title='bbox 2430 2089 2511 2152; x_wconf 88' lang='lat' dir='ltr'><strong>sit</strong></span> 
     </span>
     <span class='ocr_line' id='line_1_17' title="bbox 336 2196 2542 2278; baseline 0 -20"><span class='ocrx_word' id='word_1_119' title='bbox 336 2196 453 2259; x_wconf 89' lang='lat' dir='ltr'><strong>iam</strong></span> <span class='ocrx_word' id='word_1_120' title='bbox 499 2198 830 2260; x_wconf 86' lang='lat' dir='ltr'><strong>videamus.</strong></span> <span class='ocrx_word' id='word_1_121' title='bbox 920 2198 1087 2260; x_wconf 90' lang='lat' dir='ltr'><strong>Haec</strong></span> <span class='ocrx_word' id='word_1_122' title='bbox 1140 2197 1272 2260; x_wconf 88' lang='lat' dir='ltr'><strong>fere</strong></span> <span class='ocrx_word' id='word_1_123' title='bbox 1313 2197 1577 2262; x_wconf 85' lang='lat' dir='ltr'><strong>Herbstii</strong></span> <span class='ocrx_word' id='word_1_124' title='bbox 1630 2204 1722 2260; x_wconf 86' lang='lat' dir='ltr'><strong>est</strong></span> <span class='ocrx_word' id='word_1_125' title='bbox 1778 2198 1853 2259; x_wconf 90' lang='lat' dir='ltr'><strong>de</strong></span> <span class='ocrx_word' id='word_1_126' title='bbox 1896 2197 2264 2278; x_wconf 82' lang='lat' dir='ltr'><strong>Protagorae</strong></span> <span class='ocrx_word' id='word_1_127' title='bbox 2309 2203 2542 2266; x_wconf 68' lang='lat' dir='ltr'><strong>aetate..</strong></span> 
     </span>
     <span class='ocr_line' id='line_1_18' title="bbox 333 2302 1418 2388; baseline 0.001 -22"><span class='ocrx_word' id='word_1_128' title='bbox 333 2302 629 2386; x_wconf 84' lang='lat' dir='ltr'><strong>expositio</strong></span> <span class='ocrx_word' id='word_1_129' title='bbox 671 2324 807 2387; x_wconf 86' lang='lat' dir='ltr'><strong>pag.</strong></span> <span class='ocrx_word' id='word_1_130' title='bbox 852 2306 1058 2369; x_wconf 68' lang='lat' dir='ltr'><strong>89.‘et</strong></span> <span class='ocrx_word' id='word_1_131' title='bbox 1105 2323 1164 2386; x_wconf 86' lang='lat' dir='ltr'><strong>q.</strong></span> <span class='ocrx_word' id='word_1_132' title='bbox 1207 2323 1418 2388; x_wconf 87' lang='lat' dir='ltr'><strong>seqq.:</strong></span> 
     </span>
    </p>

    <p class='ocr_par' dir='ltr' id='par_1_5' title="bbox 246 2413 2576 4460">
     <span class='ocr_line' id='line_1_19' title="bbox 499 2413 2514 2497; baseline -0.001 -20"><span class='ocrx_word' id='word_1_133' title='bbox 499 2415 828 2494; x_wconf 82' lang='lat' dir='ltr'><strong>„Eusebius</strong></span> <span class='ocrx_word' id='word_1_134' title='bbox 868 2422 928 2477; x_wconf 84' lang='lat' dir='ltr'><strong>et</strong></span> <span class='ocrx_word' id='word_1_135' title='bbox 948 2416 1258 2497; x_wconf 79' lang='lat' dir='ltr'><strong>syncellus</strong></span> <span class='ocrx_word' id='word_1_136' title='bbox 1286 2431 1446 2484; x_wconf 81' lang='lat' dir='ltr'><strong>anno</strong></span> <span class='ocrx_word' id='word_1_137' title='bbox 1476 2413 1830 2495; x_wconf 61' lang='lat' dir='ltr'><strong>olympiadis</strong></span> <span class='ocrx_word' id='word_1_138' title='bbox 1870 2414 2285 2495; x_wconf 85' lang='lat' dir='ltr'><strong>octogesimae</strong></span> <span class='ocrx_word' id='word_1_139' title='bbox 2325 2430 2514 2494; x_wconf 75' lang='lat' dir='ltr'><strong>quar-</strong></span> 
     </span>
     <span class='ocr_line' id='line_1_20' title="bbox 334 2522 2514 2606; baseline 0 -22"><span class='ocrx_word' id='word_1_140' title='bbox 334 2528 433 2584; x_wconf 87' lang='lat' dir='ltr'><strong>tae</strong></span> <span class='ocrx_word' id='word_1_141' title='bbox 477 2523 770 2603; x_wconf 89' lang='lat' dir='ltr'><strong>secundo,</strong></span> <span class='ocrx_word' id='word_1_142' title='bbox 816 2526 916 2605; x_wconf 85' lang='lat' dir='ltr'><strong>qui</strong></span> <span class='ocrx_word' id='word_1_143' title='bbox 944 2531 1053 2586; x_wconf 67' lang='lat' dir='ltr'><strong>‘est</strong></span> <span class='ocrx_word' id='word_1_144' title='bbox 1096 2531 1234 2586; x_wconf 89' lang='lat' dir='ltr'><strong>ante</strong></span> <span class='ocrx_word' id='word_1_145' title='bbox 1278 2523 1570 2586; x_wconf 88' lang='lat' dir='ltr'><strong>Christum</strong></span> <span class='ocrx_word' id='word_1_146' title='bbox 1613 2524 1757 2599; x_wconf 74' lang='lat'><strong>443,</strong></span> <span class='ocrx_word' id='word_1_147' title='bbox 1797 2522 2183 2606; x_wconf 82' lang='lat' dir='ltr'><strong>Protagoram</strong></span> <span class='ocrx_word' id='word_1_148' title='bbox 2227 2523 2514 2586; x_wconf 61' lang='lat' dir='ltr'><strong>floruisse</strong></span> 
     </span>
     <span class='ocr_line' id='line_1_21' title="bbox 246 2630 2576 2722; baseline 0 -30"><span class='ocrx_word' id='word_1_149' title='bbox 246 2695 251 2702; x_wconf 72' lang='grc'><strong><em>,</em></strong></span> <span class='ocrx_word' id='word_1_150' title='bbox 340 2632 522 2693; x_wconf 88' lang='lat' dir='ltr'><strong>aiunt.</strong></span> <span class='ocrx_word' id='word_1_151' title='bbox 624 2631 813 2705; x_wconf 87' lang='lat' dir='ltr'><strong>Quum</strong></span> <span class='ocrx_word' id='word_1_152' title='bbox 873 2649 1021 2693; x_wconf 88' lang='lat' dir='ltr'><strong>vero</strong></span> <span class='ocrx_word' id='word_1_153' title='bbox 1085 2631 1529 2712; x_wconf 87' lang='lat' dir='ltr'><strong>chronographi</strong></span> <span class='ocrx_word' id='word_1_154' title='bbox 1594 2630 1797 2711; x_wconf 78' lang='grc' dir='ltr'><strong><em>α’κμῆς</em></strong></span> <span class='ocrx_word' id='word_1_155' title='bbox 1856 2636 2086 2709; x_wconf 86' lang='lat' dir='ltr'><strong>tempus</strong></span> <span class='ocrx_word' id='word_1_156' title='bbox 2146 2647 2385 2711; x_wconf 86' lang='lat' dir='ltr'><strong>semper</strong></span> <span class='ocrx_word' id='word_1_157' title='bbox 2443 2630 2510 2694; x_wconf 84' lang='lat' dir='ltr'><strong>id</strong></span> <span class='ocrx_word' id='word_1_158' title='bbox 2571 2718 2576 2722; x_wconf 12' lang='lat' dir='ltr'><em>q</em></span> 
     </span>
     <span class='ocr_line' id='line_1_22' title="bbox 338 2720 2508 2822; baseline 0 -22"><span class='ocrx_word' id='word_1_159' title='bbox 338 2738 569 2817; x_wconf 74' lang='lat' dir='ltr'><strong>dicant,</strong></span> <span class='ocrx_word' id='word_1_160' title='bbox 628 2757 745 2820; x_wconf 86' lang='lat' dir='ltr'><strong>quo</strong></span> <span class='ocrx_word' id='word_1_161' title='bbox 789 2742 918 2820; x_wconf 85' lang='lat' dir='ltr'><strong>quis</strong></span> <span class='ocrx_word' id='word_1_162' title='bbox 964 2724 1096 2803; x_wconf 90' lang='lat' dir='ltr'><strong>sive</strong></span> <span class='ocrx_word' id='word_1_163' title='bbox 1122 2720 1400 2804; x_wconf 73' lang='lat' dir='ltr'><strong>¹dicendo</strong></span> <span class='ocrx_word' id='word_1_164' title='bbox 1448 2743 1579 2804; x_wconf 90' lang='lat' dir='ltr'><strong>sive</strong></span> <span class='ocrx_word' id='word_1_165' title='bbox 1621 2741 1861 2822; x_wconf 87' lang='lat' dir='ltr'><strong>agendo</strong></span> <span class='ocrx_word' id='word_1_166' title='bbox 1902 2742 2152 2820; x_wconf 88' lang='lat' dir='ltr'><strong>primum</strong></span> <span class='ocrx_word' id='word_1_167' title='bbox 2197 2740 2508 2803; x_wconf 89' lang='lat' dir='ltr'><strong>inclarue-</strong></span> 
     </span>
     <span class='ocr_line' id='line_1_23' title="bbox 333 2846 2508 2930; baseline 0.003 -21"><span class='ocrx_word' id='word_1_168' title='bbox 333 2849 452 2925; x_wconf 84' lang='lat' dir='ltr'><strong>rit,</strong></span> <span class='ocrx_word' id='word_1_169' title='bbox 514 2848 898 2930; x_wconf 85' lang='lat' dir='ltr'><strong>Protagoram</strong></span> <span class='ocrx_word' id='word_1_170' title='bbox 942 2866 1101 2914; x_wconf 80' lang='lat' dir='ltr'><strong>anno</strong></span> <span class='ocrx_word' id='word_1_171' title='bbox 1141 2850 1287 2912; x_wconf 68' lang='lat'><strong>443.</strong></span> <span class='ocrx_word' id='word_1_172' title='bbox 1346 2855 1448 2910; x_wconf 89' lang='lat' dir='ltr'><strong>aut</strong></span> <span class='ocrx_word' id='word_1_173' title='bbox 1490 2851 1739 2929; x_wconf 86' lang='lat' dir='ltr'><strong>primum</strong></span> <span class='ocrx_word' id='word_1_174' title='bbox 1780 2846 2051 2910; x_wconf 87' lang='lat' dir='ltr'><strong>Athenas</strong></span> <span class='ocrx_word' id='word_1_175' title='bbox 2094 2849 2334 2910; x_wconf 83' lang='lat' dir='ltr'><strong>venisse</strong></span> <span class='ocrx_word' id='word_1_176' title='bbox 2372 2854 2508 2916; x_wconf 67' lang='lat' dir='ltr'><strong>sta-2.</strong></span> 
     </span>
     <span class='ocr_line' id='line_1_24' title="bbox 331 2945 2503 3048; baseline 0.001 -30"><span class='ocrx_word' id='word_1_177' title='bbox 331 2958 613 3018; x_wconf 85' lang='lat' dir='ltr'><strong>tuendum</strong></span> <span class='ocrx_word' id='word_1_178' title='bbox 656 2956 933 3038; x_wconf 53' lang='lat' dir='ltr'><strong>videtum</strong></span> <span class='ocrx_word' id='word_1_179' title='bbox 980 2965 1120 3035; x_wconf 86' lang='lat' dir='ltr'><strong>aut,</strong></span> <span class='ocrx_word' id='word_1_180' title='bbox 1164 2975 1280 3038; x_wconf 87' lang='lat' dir='ltr'><strong>quo</strong></span> <span class='ocrx_word' id='word_1_181' title='bbox 1328 2960 1507 3019; x_wconf 88' lang='lat' dir='ltr'><strong>etiam</strong></span> <span class='ocrx_word' id='word_1_182' title='bbox 1549 2945 1742 3048; x_wconf 78' lang='lat' dir='ltr'><strong>magis</strong></span> <span class='ocrx_word' id='word_1_183' title='bbox 1784 2957 2170 3036; x_wconf 80' lang='lat' dir='ltr'><strong>excelluerit,</strong></span> <span class='ocrx_word' id='word_1_184' title='bbox 2228 2956 2503 3021; x_wconf 83' lang='lat' dir='ltr'><strong>Thurinis</strong></span> 
     </span>
     <span class='ocr_line' id='line_1_25' title="bbox 330 3062 2500 3149; baseline 0 -23"><span class='ocrx_word' id='word_1_185' title='bbox 330 3062 502 3147; x_wconf 56' lang='lat' dir='ltr'><strong>lffies</strong></span> <span class='ocrx_word' id='word_1_186' title='bbox 542 3066 860 3145; x_wconf 86' lang='lat' dir='ltr'><strong>scripsisse</strong></span> <span class='ocrx_word' id='word_1_187' title='bbox 902 3068 1111 3149; x_wconf 87' lang='lat' dir='ltr'><strong>(Diog.</strong></span> <span class='ocrx_word' id='word_1_188' title='bbox 1159 3067 1356 3129; x_wconf 86' lang='lat' dir='ltr'><strong>Laert.</strong></span> <span class='ocrx_word' id='word_1_189' title='bbox 1401 3066 1502 3129; x_wconf 90' lang='lat' dir='ltr'><strong>lib.</strong></span> <span class='ocrx_word' id='word_1_190' title='bbox 1543 3065 1640 3128; x_wconf 85' lang='lat' dir='ltr'><strong>IX.</strong></span> <span class='ocrx_word' id='word_1_191' title='bbox 1683 3072 1746 3140; x_wconf 78' lang='lat'><strong>§-</strong></span> <span class='ocrx_word' id='word_1_192' title='bbox 1776 3064 1930 3139; x_wconf 53' lang='lat'><strong>503.</strong></span> <span class='ocrx_word' id='word_1_193' title='bbox 1975 3064 2150 3139; x_wconf 83' lang='lat' dir='ltr'><strong>Quod</strong></span> <span class='ocrx_word' id='word_1_194' title='bbox 2191 3071 2254 3127; x_wconf 91' lang='lat' dir='ltr'><strong>ut</strong></span> <span class='ocrx_word' id='word_1_195' title='bbox 2293 3065 2500 3128; x_wconf 81' lang='lat' dir='ltr'><strong>facere</strong></span> 
     </span>
     <span class='ocr_line' id='line_1_26' title="bbox 333 3172 2503 3255; baseline 0 -20"><span class='ocrx_word' id='word_1_196' title='bbox 333 3179 578 3252; x_wconf 90' lang='lat' dir='ltr'><strong>posset,</strong></span> <span class='ocrx_word' id='word_1_197' title='bbox 643 3192 900 3237; x_wconf 89' lang='lat' dir='ltr'><strong>necesse</strong></span> <span class='ocrx_word' id='word_1_198' title='bbox 965 3182 1101 3240; x_wconf 68' lang='lat' dir='ltr'><strong>ent</strong></span> <span class='ocrx_word' id='word_1_199' title='bbox 1137 3182 1202 3237; x_wconf 89' lang='lat' dir='ltr'><strong>ut</strong></span> <span class='ocrx_word' id='word_1_200' title='bbox 1241 3191 1398 3237; x_wconf 88' lang='lat' dir='ltr'><strong>anno</strong></span> <span class='ocrx_word' id='word_1_201' title='bbox 1438 3172 1563 3237; x_wconf 80' lang='lat'><strong>443</strong></span> <span class='ocrx_word' id='word_1_202' title='bbox 1588 3220 1607 3254; x_wconf 90' lang='lat'>‚</span> <span class='ocrx_word' id='word_1_203' title='bbox 1666 3191 1785 3255; x_wconf 90' lang='lat' dir='ltr'><strong>quo</strong></span> <span class='ocrx_word' id='word_1_204' title='bbox 1828 3174 2028 3237; x_wconf 74' lang='lat' dir='ltr'><strong>Thurii</strong></span> <span class='ocrx_word' id='word_1_205' title='bbox 2071 3174 2299 3238; x_wconf 89' lang='lat' dir='ltr'><strong>conditi</strong></span> <span class='ocrx_word' id='word_1_206' title='bbox 2342 3179 2503 3254; x_wconf 85' lang='lat' dir='ltr'><strong>sunt,</strong></span> 
     </span>
     <span class='ocr_line' id='line_1_27' title="bbox 331 3282 2504 3357; baseline -0 -14"><span class='ocrx_word' id='word_1_207' title='bbox 331 3282 583 3343; x_wconf 86' lang='lat' dir='ltr'><strong>Athenis</strong></span> <span class='ocrx_word' id='word_1_208' title='bbox 625 3290 987 3357; x_wconf 82' lang='lat' dir='ltr'><strong>versaretur,</strong></span> <span class='ocrx_word' id='word_1_209' title='bbox 1028 3302 1159 3345; x_wconf 92' lang='lat' dir='ltr'><strong>cum</strong></span> <span class='ocrx_word' id='word_1_210' title='bbox 1202 3286 1378 3345; x_wconf 87' lang='lat' dir='ltr'><strong>novis</strong></span> <span class='ocrx_word' id='word_1_211' title='bbox 1427 3283 1660 3346; x_wconf 88' lang='lat' dir='ltr'><strong>colonis</strong></span> <span class='ocrx_word' id='word_1_212' title='bbox 1701 3282 1980 3346; x_wconf 88' lang='lat' dir='ltr'><strong>Athenae</strong></span> <span class='ocrx_word' id='word_1_213' title='bbox 2020 3288 2226 3345; x_wconf 89' lang='lat' dir='ltr'><strong>essent</strong></span> <span class='ocrx_word' id='word_1_214' title='bbox 2267 3283 2504 3344; x_wconf 88' lang='lat' dir='ltr'><strong>consti-</strong></span> 
     </span>
     <span class='ocr_line' id='line_1_28' title="bbox 336 3389 2506 3472; baseline 0 -22"><span class='ocrx_word' id='word_1_215' title='bbox 336 3396 495 3451; x_wconf 80' lang='lat' dir='ltr'><strong>tutae</strong></span> <span class='ocrx_word' id='word_1_216' title='bbox 538 3407 656 3470; x_wconf 88' lang='lat' dir='ltr'><strong>quo</strong></span> <span class='ocrx_word' id='word_1_217' title='bbox 701 3408 909 3453; x_wconf 87' lang='lat' dir='ltr'><strong>omnes</strong></span> <span class='ocrx_word' id='word_1_218' title='bbox 951 3394 1395 3454; x_wconf 82' lang='lat' dir='ltr'><strong>convenirent.“</strong></span> <span class='ocrx_word' id='word_1_219' title='bbox 1482 3391 1655 3472; x_wconf 84' lang='lat' dir='ltr'><strong>(Pag.</strong></span> <span class='ocrx_word' id='word_1_220' title='bbox 1700 3391 1806 3453; x_wconf 85' lang='grc'><strong>89.</strong></span> <span class='ocrx_word' id='word_1_221' title='bbox 1852 3398 1914 3453; x_wconf 88' lang='lat' dir='ltr'><strong>et</strong></span> <span class='ocrx_word' id='word_1_222' title='bbox 1952 3390 2087 3467; x_wconf 81' lang='grc'><strong>90.)</strong></span> <span class='ocrx_word' id='word_1_223' title='bbox 2118 3428 2199 3439; x_wconf 90' lang='lat'><strong>-—</strong></span> <span class='ocrx_word' id='word_1_224' title='bbox 2238 3389 2506 3469; x_wconf 82' lang='lat' dir='ltr'><strong>„Quodsi</strong></span> 
     </span>
     <span class='ocr_line' id='line_1_29' title="bbox 339 3496 2503 3580; baseline 0 -21"><span class='ocrx_word' id='word_1_225' title='bbox 339 3500 520 3578; x_wconf 84' lang='lat' dir='ltr'><strong>igitur</strong></span> <span class='ocrx_word' id='word_1_226' title='bbox 580 3517 740 3561; x_wconf 89' lang='lat' dir='ltr'><strong>anno</strong></span> <span class='ocrx_word' id='word_1_227' title='bbox 786 3496 927 3564; x_wconf 76' lang='lat'><strong>443.</strong></span> <span class='ocrx_word' id='word_1_228' title='bbox 982 3500 1203 3564; x_wconf 85' lang='lat' dir='ltr'><strong>florere</strong></span> <span class='ocrx_word' id='word_1_229' title='bbox 1258 3501 1482 3580; x_wconf 87' lang='lat' dir='ltr'><strong>incepit</strong></span> <span class='ocrx_word' id='word_1_230' title='bbox 1507 3545 1525 3577; x_wconf 88' lang='lat'>‚</span> <span class='ocrx_word' id='word_1_231' title='bbox 1589 3506 1857 3561; x_wconf 87' lang='lat' dir='ltr'><strong>mortuus</strong></span> <span class='ocrx_word' id='word_1_232' title='bbox 1914 3505 2007 3561; x_wconf 87' lang='lat' dir='ltr'><strong>est</strong></span> <span class='ocrx_word' id='word_1_233' title='bbox 2060 3500 2222 3561; x_wconf 90' lang='lat' dir='ltr'><strong>circa</strong></span> <span class='ocrx_word' id='word_1_234' title='bbox 2284 3514 2503 3567; x_wconf 78' lang='lat' dir='ltr'><strong>annum</strong></span> 
     </span>
     <span class='ocr_line' id='line_1_30' title="bbox 332 3605 2501 3693; baseline 0 -25"><span class='ocrx_word' id='word_1_235' title='bbox 332 3605 496 3669; x_wconf 76' lang='lat'>403:</span> <span class='ocrx_word' id='word_1_236' title='bbox 559 3624 696 3669; x_wconf 87' lang='lat' dir='ltr'><strong>nam</strong></span> <span class='ocrx_word' id='word_1_237' title='bbox 737 3607 899 3687; x_wconf 75' lang='lat' dir='ltr'><strong>Plato</strong></span> <span class='ocrx_word' id='word_1_238' title='bbox 943 3609 1098 3671; x_wconf 83' lang='lat' dir='ltr'><strong>Men.</strong></span> <span class='ocrx_word' id='word_1_239' title='bbox 1138 3625 1294 3690; x_wconf 35' lang='lat' dir='ltr'><strong>apag.</strong></span> <span class='ocrx_word' id='word_1_240' title='bbox 1339 3608 1440 3671; x_wconf 82' lang='lat'><strong>91.</strong></span> <span class='ocrx_word' id='word_1_241' title='bbox 1488 3608 1533 3669; x_wconf 91' lang='lat' dir='ltr'><strong>B</strong></span> <span class='ocrx_word' id='word_1_242' title='bbox 1560 3609 1770 3693; x_wconf 83' lang='lat' dir='ltr'><strong>[immo</strong></span> <span class='ocrx_word' id='word_1_243' title='bbox 1812 3607 1896 3691; x_wconf 89' lang='lat' dir='ltr'><strong>E]</strong></span> <span class='ocrx_word' id='word_1_244' title='bbox 1935 3606 2064 3687; x_wconf 91' lang='lat' dir='ltr'><strong>plus</strong></span> <span class='ocrx_word' id='word_1_245' title='bbox 2106 3605 2501 3685; x_wconf 82' lang='lat' dir='ltr'><strong>quadraginta</strong></span> 
     </span>
     <span class='ocr_line' id='line_1_31' title="bbox 331 3713 2504 3799; baseline 0 -24"><span class='ocrx_word' id='word_1_246' title='bbox 331 3731 524 3776; x_wconf 87' lang='lat' dir='ltr'><strong>annos</strong></span> <span class='ocrx_word' id='word_1_247' title='bbox 565 3717 911 3784; x_wconf 69' lang='lat' dir='ltr'><strong>exercuisse</strong></span> <span class='ocrx_word' id='word_1_248' title='bbox 961 3735 1101 3799; x_wconf 24' lang='lat' dir='ltr'><strong>eum*</strong></span> <span class='ocrx_word' id='word_1_249' title='bbox 1141 3717 1283 3780; x_wconf 90' lang='lat' dir='ltr'><strong>dicit</strong></span> <span class='ocrx_word' id='word_1_250' title='bbox 1323 3724 1511 3779; x_wconf 91' lang='lat' dir='ltr'><strong>artem</strong></span> <span class='ocrx_word' id='word_1_251' title='bbox 1557 3715 2006 3796; x_wconf 53' lang='lat' dir='ltr'><strong>sophisticamf‘</strong></span> <span class='ocrx_word' id='word_1_252' title='bbox 2046 3713 2504 3796; x_wconf 49' lang='lat' dir='ltr'><strong>(Pagae.)—</strong></span> 
     </span>
     <span class='ocr_line' id='line_1_32' title="bbox 331 3822 2500 3906; baseline 0.001 -24"><span class='ocrx_word' id='word_1_253' title='bbox 331 3823 484 3901; x_wconf 83' lang='lat' dir='ltr'><strong>„Sed</strong></span> <span class='ocrx_word' id='word_1_254' title='bbox 505 3824 892 3906; x_wconf 81' lang='lat' dir='ltr'><strong>qnadraginta</strong></span> <span class='ocrx_word' id='word_1_255' title='bbox 918 3841 1207 3887; x_wconf 87' lang='lat' dir='ltr'><strong>annorum</strong></span> <span class='ocrx_word' id='word_1_256' title='bbox 1229 3841 1510 3888; x_wconf 79' lang='lat' dir='ltr'><strong>numerus</strong></span> <span class='ocrx_word' id='word_1_257' title='bbox 1550 3824 1725 3885; x_wconf 90' lang='lat' dir='ltr'><strong>nimis</strong></span> <span class='ocrx_word' id='word_1_258' title='bbox 1765 3824 2029 3885; x_wconf 81' lang='lat' dir='ltr'><strong>incertus</strong></span> <span class='ocrx_word' id='word_1_259' title='bbox 2073 3840 2212 3884; x_wconf 89' lang='lat' dir='ltr'><strong>esse</strong></span> <span class='ocrx_word' id='word_1_260' title='bbox 2242 3822 2500 3901; x_wconf 79' lang='lat' dir='ltr'><strong>videtur,</strong></span> 
     </span>
     <span class='ocr_line' id='line_1_33' title="bbox 335 3930 2500 4030; baseline 0.002 -39"><span class='ocrx_word' id='word_1_261' title='bbox 335 3931 574 4011; x_wconf 83' lang='lat' dir='ltr'><strong>iamque</strong></span> <span class='ocrx_word' id='word_1_262' title='bbox 615 3930 896 4013; x_wconf 81' lang='lat' dir='ltr'><strong>graviora</strong></span> <span class='ocrx_word' id='word_1_263' title='bbox 940 3932 1182 4006; x_wconf 79' lang='lat' dir='ltr'><strong>afferam</strong></span> <span class='ocrx_word' id='word_1_264' title='bbox 1229 3940 1602 4030; x_wconf 71' lang='lat' dir='ltr'><strong>argumenta.</strong></span> <span class='ocrx_word' id='word_1_265' title='bbox 1684 3932 1812 3994; x_wconf 85' lang='lat' dir='ltr'><strong>Una</strong></span> <span class='ocrx_word' id='word_1_266' title='bbox 1875 3932 2032 3992; x_wconf 90' lang='lat' dir='ltr'><strong>enim</strong></span> <span class='ocrx_word' id='word_1_267' title='bbox 2073 3949 2206 3994; x_wconf 90' lang='lat' dir='ltr'><strong>cum</strong></span> <span class='ocrx_word' id='word_1_268' title='bbox 2248 3932 2500 3997; x_wconf 86' lang='lat' dir='ltr'><strong>Socrate</strong></span> 
     </span>
     <span class='ocr_line' id='line_1_34' title="bbox 331 4039 2499 4122; baseline -0.001 -18"><span class='ocrx_word' id='word_1_269' title='bbox 331 4039 430 4104; x_wconf 81' lang='lat' dir='ltr'><strong>vel</strong></span> <span class='ocrx_word' id='word_1_270' title='bbox 478 4039 673 4119; x_wconf 91' lang='lat' dir='ltr'><strong>paullo</strong></span> <span class='ocrx_word' id='word_1_271' title='bbox 733 4049 870 4122; x_wconf 90' lang='lat' dir='ltr'><strong>post</strong></span> <span class='ocrx_word' id='word_1_272' title='bbox 928 4041 1193 4103; x_wconf 82' lang='lat' dir='ltr'><strong>decessit</strong></span> <span class='ocrx_word' id='word_1_273' title='bbox 1244 4042 1569 4104; x_wconf 90' lang='lat' dir='ltr'><strong>secundum</strong></span> <span class='ocrx_word' id='word_1_274' title='bbox 1609 4040 1870 4104; x_wconf 86' lang='lat' dir='ltr'><strong>Timonis</strong></span> <span class='ocrx_word' id='word_1_275' title='bbox 1908 4039 2257 4122; x_wconf 86' lang='lat' dir='ltr'><strong>sillographi</strong></span> <span class='ocrx_word' id='word_1_276' title='bbox 2299 4040 2499 4103; x_wconf 85' lang='lat' dir='ltr'><strong>locum</strong></span> 
     </span>
     <span class='ocr_line' id='line_1_35' title="bbox 329 4141 2496 4234; baseline 0.001 -25"><span class='ocrx_word' id='word_1_277' title='bbox 329 4147 487 4227; x_wconf 88' lang='lat' dir='ltr'><strong>apud</strong></span> <span class='ocrx_word' id='word_1_278' title='bbox 545 4148 784 4210; x_wconf 87' lang='lat' dir='ltr'><strong>Sextum</strong></span> <span class='ocrx_word' id='word_1_279' title='bbox 845 4150 1202 4231; x_wconf 88' lang='lat' dir='ltr'><strong>Empiricum</strong></span> <span class='ocrx_word' id='word_1_280' title='bbox 1284 4150 1418 4212; x_wconf 88' lang='lat' dir='ltr'><strong>adv.</strong></span> <span class='ocrx_word' id='word_1_281' title='bbox 1474 4149 1648 4230; x_wconf 84' lang='lat' dir='ltr'><strong>Phys.</strong></span> <span class='ocrx_word' id='word_1_282' title='bbox 1708 4148 1809 4210; x_wconf 88' lang='lat' dir='ltr'><strong>lib.</strong></span> <span class='ocrx_word' id='word_1_283' title='bbox 1853 4149 1953 4212; x_wconf 86' lang='lat' dir='ltr'><strong>lX.</strong></span> <span class='ocrx_word' id='word_1_284' title='bbox 2015 4159 2073 4225; x_wconf 62' lang='grc' dir='ltr'><strong>ς.</strong></span> <span class='ocrx_word' id='word_1_285' title='bbox 2120 4148 2220 4213; x_wconf 79' lang='lat'><strong>56.</strong></span> <span class='ocrx_word' id='word_1_286' title='bbox 2291 4141 2496 4234; x_wconf 84' lang='lat' dir='ltr'><strong>[immo</strong></span> 
     </span>
     <span class='ocr_line' id='line_1_36' title="bbox 334 4249 2495 4339; baseline 0 -21"><span class='ocrx_word' id='word_1_287' title='bbox 334 4257 470 4318; x_wconf 87' lang='lat' dir='ltr'><strong>adv.</strong></span> <span class='ocrx_word' id='word_1_288' title='bbox 530 4254 708 4317; x_wconf 87' lang='lat' dir='ltr'><strong>Math.</strong></span> <span class='ocrx_word' id='word_1_289' title='bbox 752 4257 850 4324; x_wconf 86' lang='lat' dir='ltr'><strong>lib.</strong></span> <span class='ocrx_word' id='word_1_290' title='bbox 891 4259 999 4321; x_wconf 83' lang='lat' dir='ltr'><strong>lX.</strong></span> <span class='ocrx_word' id='word_1_291' title='bbox 1055 4266 1115 4334; x_wconf 80' lang='lat'><strong>§-</strong></span> <span class='ocrx_word' id='word_1_292' title='bbox 1161 4249 1301 4339; x_wconf 59' lang='lat'><strong>574</strong></span> <span class='ocrx_word' id='word_1_293' title='bbox 1353 4259 1530 4319; x_wconf 85' lang='lat' dir='ltr'><strong>nohis</strong></span> <span class='ocrx_word' id='word_1_294' title='bbox 1591 4263 1913 4319; x_wconf 87' lang='lat' dir='ltr'><strong>servatum.</strong></span> <span class='ocrx_word' id='word_1_295' title='bbox 2015 4260 2098 4320; x_wconf 88' lang='lat' dir='ltr'><strong>At</strong></span> <span class='ocrx_word' id='word_1_296' title='bbox 2150 4273 2298 4319; x_wconf 83' lang='lat' dir='ltr'><strong>vero</strong></span> <span class='ocrx_word' id='word_1_297' title='bbox 2361 4275 2495 4319; x_wconf 84' lang='lat' dir='ltr'><strong>cum</strong></span> 
     </span>
     <span class='ocr_line' id='line_1_37' title="bbox 332 4353 2495 4460; baseline -0 -35"><span class='ocrx_word' id='word_1_298' title='bbox 332 4364 432 4426; x_wconf 89' lang='lat' dir='ltr'><strong>tali</strong></span> <span class='ocrx_word' id='word_1_299' title='bbox 473 4363 753 4460; x_wconf 83' lang='lat' dir='ltr'><strong>scriptori</strong></span> <span class='ocrx_word' id='word_1_300' title='bbox 800 4369 1122 4442; x_wconf 85' lang='lat' dir='ltr'><strong>temporum</strong></span> <span class='ocrx_word' id='word_1_301' title='bbox 1165 4362 1533 4445; x_wconf 86' lang='lat' dir='ltr'><strong>negligentia</strong></span> <span class='ocrx_word' id='word_1_302' title='bbox 1573 4353 2004 4445; x_wconf 47' lang='lat' dir='ltr'><strong>trihui‘possin</strong></span> <span class='ocrx_word' id='word_1_303' title='bbox 2041 4362 2288 4444; x_wconf 78' lang='lat' dir='ltr'><strong>gravior</strong></span> <span class='ocrx_word' id='word_1_304' title='bbox 2324 4364 2495 4424; x_wconf 79' lang='lat' dir='ltr'><strong>testis</strong></span> 
     </span>
    </p>
   </div>
  </div>
 </body>
</html>
