2975 4959
1136 303 1813 376 2-—14'6—

446 491 729 555 mercede
767 492 923 554 haec
970 490 1096 554 suit.
1154 491 1439 555 Euathlus
1481 491 1843 559 adolmens
1892 490 2063 551 dives
2106 489 2485 570 eloquentiae
2529 488 2629 549 di-

447 600 721 665 scendae
780 618 1118 682 causasque
1180 601 1393 663 orandi
1461 602 1711 681 cupiens
1780 599 1905 664 suit.
2023 598 2080 660 ls
2140 599 2198 660 in
2262 597 2633 677 disciplinam

442 710 811 792 Protagorae
855 728 923 771 se
971 709 1178 786 dedit,
1218 709 1607 790 daturumque
1646 710 1919 788 promis’a
1955 707 2312 768 mercedem·
2344 702 2634 786 grandem

440 820 801 900 pecuniam,
865 824 1143 897 quantam
1206 819 1572 898 Protagoras
1631 816 1961 896 petiverat3
2027 815 2449 895 dimidiumque
2504 815 2636 874 eius

442 924 609 991 dedit
645 933 791 990 tunc
831 927 948 988 iam
991 927 1185 988 statim
1231 926 1570 1007 priusquam
1615 925 1920 1000 disceret,
1979 924 2324 1004 pepigitque
2380 929 2442 983 ut
2484 921 2634 982 reli-

438 1051 619 1117 quum
680 1034 986 1098 dimidium
1045 1035 1216 1097 daret
1274 1053 1391 1115 quo
1454 1036 1646 1114 primo
1711 1033 1810 1095 die
1869 1048 2110 1094 causam
2171 1029 2327 1111 apud
2393 1029 2625 1092 iudices

438 1125 678 1206 oras‘set
722 1149 784 1205 et
826 1143 1086 1207 vicisset.
1170 1143 1387 1205 Postea
1436 1158 1614 1222 quum
1674 1138 1895 1203 diutule
1952 1140 2190 1202 auditor
2245 1145 2624 1201 assectator-

438 1267 557 1333 que
594 1251 965 1333 Protagorae
1027 1251 1239 1313 fuisset
1281 1257 1341 1312 et
1383 1252 1442 1312 in
1486 1250 1685 1315 slud’m
1729 1249 1967 1330 quidem
2017 1249 2335 1311 facundiae
2379 1247 2618 1310 abunde

429 1362 874 1441 promovisset,
922 1378 1136 1423 causas
1177 1367 1375 1423 tamen
1416 1377 1539 1422 non
1585 1360 1883 1438 reciperet
1927 1366 2274 1440 tempusque
2315 1359 2431 1419 iam
2475 1357 2618 1421 lon-
2655 1342 2661 1348 ⁸

431 1482 573 1548 gum
614 1475 1074 1546 transcurreret,
1118 1475 1184 1530 ot
1226 1448 1433 1530 facere
1471 1468 1533 1529 id
1573 1466 1880 1531 videretur
1923 1485 2001 1528 ne
2045 1466 2331 1547 retiquum
2374 1484 2617 1528 merce-

431 1575 545 1639 dis*
585 1576 796 1638 darett
859 1575 1017 1655 capit
1076 1576 1388 1638 consilium
1450 1575 1855 1656 ProtagoraS,
1917 1582 1983 1637 ut
2028 1582 2149 1638 tum
2213 1560 2611 1650 existimabat,⁸

428 1690 706 1747 astutum.
820 1684 1029 1749 Petere
1083 1685 1341 1746 instituit·
1399 1701 1477 1745 ex
1548 1690 1725 1763 pacto
1783 1684 2173 1746 mercedem:
2242 1683 2404 1746 litem
2477 1702 2620 1773 cums

427 1791 681 1854 Euathlo
725 1800 1136 1869 contestatur,
1199 1799 1261 1853 et
1312 1809 1485 1872 quum
1535 1791 1610 1853 ad
1656 1793 1886 1854 iudices
1931 1791 2353 1854 coniiciendae
2399 1794 2610 1855 consi-

426 1901 798 1982 stendaeque
836 1919 1057 1963 causae
1089 1903 1280 1982 gratia
1330 1903 1659 1979 venissent,
1708 1898 1827 1964 tuin
1875 1902 2239 1983 Protagoras
2282 1903 2373 1963 sic
2418 1918 2609 1964 exor-

426 2026 529 2072 sus
575 2016 708 2072 est:
749 2009 956 2083 Disce,
1001 2010 1208 2088 inquit,
1249 2008 1597 2070 stultissime
1640 2009 2010 2087 adolescens,
2048 2014 2306 2088 utroque
2343 2010 2411 2070 id
2432 2009 2606 2072 modo

420 2119 561 2199 nire
602 2124 671 2178 ut
713 2117 936 2179 reddas
979 2118 1141 2196 quod
1172 2123 1314 2194 peto
1341 2164 1359 2194 ,
1425 2118 1560 2178 sive
1608 2123 1823 2179 contra
1878 2124 1935 2177 te
1973 2118 2428 2197 pronuntiatum
2471 2119 2605 2192 erit,

425 2226 560 2289 sive
591 2243 712 2304 pro
750 2231 824 2287 te.
912 2221 1071 2286 Nam
1109 2226 1166 2285 si
1207 2231 1421 2287 contra
1464 2231 1523 2286 te
1570 2224 1645 2285 lis
1687 2224 1834 2286 data
1876 2224 2026 2302 erit,
2067 2243 2300 2286 merces
2339 2224 2484 2286 milii
2526 2243 2606 2286 ex

424 2334 721 2403 sententia
761 2333 1069 2395 debebitur
1087 2380 1105 2410 ,
1136 2402 1140 2407 ,
1166 2332 1311 2412 quia
1369 2351 1474 2412 eqo
1530 2332 1738 2393 vicero
1762 2354 1782 2393 .·
1836 2333 1935 2397 sin
1979 2350 2130 2394 vero
2174 2333 2500 2395 secundum
2551 2340 2609 2394 te

424 2442 752 2503 iudicatum
791 2441 925 2518 erit,
963 2459 1195 2501 merces
1237 2439 1382 2501 milti
1428 2458 1509 2500 em
1546 2447 1732 2518 pacto
1775 2440 2117 2519 debebitur,
2149 2442 2293 2521 quib
2332 2448 2395 2502 tu
2433 2442 2601 2503 vice-

426 2549 537 2611 ris.
623 2549 720 2611 Ad
766 2566 840 2611 ea
884 2549 1194 2628 respondit
1232 2534 1551 2610 Euathlus:
1595 2547 1806 2626 Potui,
1852 2551 2076 2630 inquit,
2124 2550 2263 2612 huic
2303 2557 2444 2612 tuae
2483 2557 2605 2613 tam

424 2656 679 2736 ancipiti
722 2656 989 2736 captioni
1021 2657 1145 2717 isse
1184 2650 1464 2735 obviam,
1531 2656 1589 2716 si
1631 2656 1825 2718 verba
1860 2675 1984 2717 non
2027 2658 2161 2736 ipse
2200 2660 2469 2739 facerem
2505 2666 2608 2721 at-

428 2784 544 2847 que
599 2766 720 2833 ὥσ
775 2773 1043 2846 patrono
1102 2773 1329 2828 uterer.
1410 2765 1534 2828 Sed
1588 2766 1786 2828 maius
1847 2767 1992 2828 mihi
2049 2768 2113 2828 in
2171 2769 2291 2830 ista
2347 2770 2609 2833 victoria

421 2875 768 2954 probb-fam
825 2882 947 2953 est,
1003 2891 1183 2954 quum
1222 2881 1280 2935 te
1317 2892 1440 2935 non
1499 2875 1566 2934 in
1609 2892 1802 2937 causa
1843 2881 2070 2936 tantum
2090 2921 2107 2953 ,
2165 2877 2277 2937 sed
2312 2877 2376 2938 in
2417 2897 2609 2958 arqu-

427 2989 625 3044 mento
679 2998 912 3060 quoque
970 2982 1086 3042 isto
1142 2982 1342 3042 vinco.
1431 2981 1617 3042 Disce
1660 2982 1949 3062 iyiturtu
2001 3000 2272 3062 quoque,
2325 2987 2612 3066 mayister

431 3089 875 3168 sapientissime
894 3135 910 3166 ,
965 3095 1219 3166 utroque
1259 3089 1432 3149 modo
1468 3090 1609 3169 fore
1650 3090 1740 3149 uti
1776 3109 1899 3150 non
1947 3092 2193 3153 reddam
2232 3094 2394 3170 quod
2424 3096 2603 3174 petis,

431 3196 562 3258 sive
607 3187 819 3257 cantra
859 3214 953 3256 me
991 3196 1458 3273 pronunciatum
1496 3196 1642 3274 erit,
1685 3195 1817 3258 sive
1850 3215 1970 3279 pro
2017 3218 2125 3260 me.
2214 3199 2371 3262 Nam
2410 3203 2469 3263 si
2505 3202 2608 3267 iu·-

431 3304 597 3367 diees
631 3322 751 3383 pro
794 3321 989 3365 caiisa
1029 3322 1167 3364 mea
1205 3303 1526 3380 senserint,
1571 3303 1720 3364 nihil
1762 3304 1868 3365 tibi
1908 3288 1988 3366 eie
2027 3308 2322 3370 sententia
2363 3309 2606 3371 debebi-

388 3390 393 3395 ἡ
430 3418 533 3474 tur
550 3458 570 3489 ,
606 3413 777 3492 ‘pia
818 3430 924 3493 eye
963 3412 1190 3474 vicero,
1279 3410 1385 3473 Sin
1429 3420 1644 3474 contra
1699 3432 1793 3474 me
1830 3415 2363 3493 pronuntiaverint
2378 3462 2395 3494 ,
2454 3417 2609 3480 nihil

433 3520 540 3583 tibi
579 3538 660 3582 ea:
693 3527 883 3600 pacto
920 3520 1142 3582 debebo
1173 3567 1193 3595 ,
1261 3519 1407 3600 quia
1448 3538 1572 3582 non
1615 3522 1841 3584 vicero.
1928 3523 2068 3585 Tum
2109 3525 2340 3586 iudices
2386 3524 2608 3588 dubio-

433 3646 565 3692 sum
607 3629 727 3692 hoc
786 3629 1320 3709 inexpffirabileque
1363 3647 1503 3691 esse
1559 3631 1720 3711 quod
1764 3633 2057 3713 utrimque
2106 3633 2416 3696 dicebatur
2465 3635 2602 3714 rati,

401 3754 512 3813 ‚ne
553 3740 844 3801 sententia
889 3756 1036 3816 sua,
1099 3745 1527 3818 utrumcunque
1593 3740 1653 3801 in
1715 3748 1940 3820 partem
2000 3742 2154 3803 dicta
2214 3750 2414 3820 esset,
2474 3746 2603 3825 ipsa

432 3860 572 3911 sese
614 3847 1030 3926 rescinderet,
1096 3864 1222 3909 rem
1281 3847 1661 3910 iniudicatam
1728 3850 2092 3931 reliquerunt
2141 3868 2503 3934 causamque
2543 3856 2604 3915 in

436 3955 591 4017 diem
649 3954 1055 4036 longissimam
1118 3956 1522 4045 distulerunt&
1581 3964 1642 4019 et
1705 3977 1760 4040 q.
1820 3977 1988 4041 seqq.
2095 3958 2435 4023 simillimus
2508 3969 2602 4024 est

432 4064 602 4125 locus
645 4059 879 4143 Apuleii
923 4064 1141 4127 Florid.
1186 4065 1286 4126 lib.
1328 4064 1422 4131 lv.
1469 4084 1532 4126 n.
1580 4068 1654 4129 18
1682 4113 1699 4145 ,
1762 4068 1861 4148 qui
1901 4067 2086 4129 verba
2137 4082 2340 4135 coram
2383 4071 2600 4132 iudici-

430 4174 543 4237 bus
596 4173 746 4237 haee
806 4173 960 4235 facta
1024 4192 1161 4235 esse
1217 4180 1453 4236 narrat:
1514 4173 1708 4252 „Nam
1764 4176 1897 4237 sive
1954 4195 2060 4257 eqo
2105 4178 2356 4255 vicem,
2416 4180 2604 4258 inquit

427 4281 891 4364 (Protagoras),
932 4282 1170 4343 solvere
1211 4282 1537 4344 mercedem
1580 4280 1817 4344 debebis
1856 4289 1924 4343 ut
1962 4286 2386 4359 condemnatus
2407 4306 2427 4344 .-
2491 4303 2602 4346 seu

420 4396 486 4452 tu
528 4389 770 4469 viceris,
811 4389 997 4452 nihilo
1041 4390 1235 4452 minus
1277 4391 1531 4452 reddere
1564 4388 1804 4452 debebis
1842 4398 1912 4452 ut
1941 4400 2164 4472 pactus
2183 4440 2200 4472 ‚
2240 4393 2461 4474 quippe
2497 4393 2604 4473 qai
