2975 4959
1129 288 1622 356 -53-

296 473 497 553 μῆνας
540 463 740 550 ἧρξαν
770 474 876 554 τῆς
918 470 1168 551 πόλεως,
1211 471 1297 547 ὥς
1343 497 1539 556 φησιν
1561 470 1994 552 Ἀριστοτέλης
2032 472 2101 540 ἐν
2121 471 2474 550 Ἀθηναίων

300 583 598 664 πολιτείᾳ.
688 579 793 641 Cui
839 582 1176 643 sententiae
1222 599 1353 643 cum
1396 582 1584 643 ceteri
1621 582 1739 641 loci
1782 596 2029 654 omneS‚
2082 594 2236 658 quos
2280 578 2473 638 Fritz-

304 687 506 752 schius
569 686 870 766 Aristoph.
931 687 1360 768 Thesmophor.
1417 687 1699 750 editionis
1741 704 1877 768 pag.
1926 686 2071 749 308.
2143 684 2475 765 congessit,

300 797 397 855 vel
440 810 564 855 non
613 793 848 855 obstent
891 795 983 856 vel
1028 796 1207 858 etiam
1258 796 1589 857 firmitatem
1632 794 1872 874 addant,
1916 793 2056 874 quid
2083 792 2478 873 Droysenium

302 904 712 980 commoverit,
751 910 814 965 ut
853 905 912 965 in
953 905 1328 983 praefatione
1370 905 1448 966 ad
1494 903 2239 984 Thesmophoriazusarum
2283 903 2477 963 inter-

303 1011 697 1093 prelationem
755 1012 1134 1076 vernaculam
1196 1031 1335 1094 pag.
1382 1014 1524 1075 229.
1593 1013 1711 1075 duo
1776 1018 2000 1075 tantum
2064 1027 2174 1091 per
2236 1025 2479 1083 menses

307 1116 778 1197 quadringentos
843 1120 1170 1198 imperasse
1238 1125 1570 1197 statueret,
1635 1118 1911 1198 equidem
1977 1135 2101 1179 non
2158 1117 2477 1197 perspicio.

297 1225 388 1286 De
431 1224 881 1304 quadringentis
937 1226 1081 1287 viris
1142 1233 1396 1308 egerunt
1445 1232 1687 1306 praeter
1744 1215 1893 1287 alios
1920 1268 1942 1298 ,
2002 1225 2103 1304 qui
2151 1225 2479 1286 occasione

300 1332 499 1394 oblata
544 1331 855 1394 historiam
896 1350 1104 1397 eorum
1147 1337 1491 1418 tetigerunt,
1534 1353 1651 1397 van
1695 1333 1985 1414 Spaanius
2027 1334 2194 1409 sive,
2244 1337 2307 1393 ut
2355 1322 2478 1392 θο-

299 1440 465 1516 lunt,
531 1440 920 1504 Ruhnkenius
978 1443 1275 1505 dissertat.
1319 1443 1395 1505 de
1439 1442 1806 1523 Antiphonle
1856 1447 2100 1503 oratore
2146 1440 2207 1500 in
2252 1436 2481 1500 Reiskii

303 1549 542 1611 Orator.
596 1548 810 1612 Graec.
858 1555 1002 1613 tom.
1045 1550 1163 1613 Vll.
1223 1569 1359 1633 pag.
1406 1552 1550 1614 815.
1595 1557 1655 1614 et
1697 1570 1752 1632 q.
1804 1566 1977 1630 sqq.,
2029 1548 2374 1627 Kruegerus
2416 1545 2481 1607 in

300 1654 863 1716 commentationum
919 1656 1108 1718 critic.
1169 1663 1230 1717 et
1271 1655 1478 1718 histor.
1545 1655 1622 1717 de
1676 1654 2037 1736 Thucydidis
2099 1657 2480 1718 historiarum

293 1767 462 1842 parte
529 1768 831 1840 postrema
874 1780 1005 1844 cap.
1055 1763 1171 1826 VII.
1216 1782 1355 1845 pag.
1401 1763 1544 1826 362.
1589 1770 1650 1825 et
1690 1779 1747 1845 q.
1792 1781 1921 1845 sqq.
1981 1762 2262 1828 editionis
2325 1762 2477 1825 Dio.

294 1870 454 1950 nysii
496 1868 1079 1949 HalicarnassensiS,
1121 1879 1182 1935 et
1220 1873 1370 1937 Guil.
1416 1871 1909 1935 wattenbachius
1950 1871 2027 1934 de
2068 1872 2481 1952 quadringen-

297 1976 493 2040 torum
553 1978 806 2040 Athenis
865 1978 1174 2057 factione,
1229 1981 1430 2043 Berol.
1480 1981 1657 2043 1842.
1698 2016 1784 2034 ‹—
1846 1980 2040 2042 Eliam
2078 1979 2271 2040 minus
2328 1994 2481 2040 vero

292 2086 606 2168 intelligo,
665 2104 772 2148 cur
811 2088 996 2168 pulsis
1063 2087 1295 2150 demum
1343 2090 1586 2169 triginta
1645 2090 1913 2169 tyrannis
1968 2104 2128 2150 anno
2172 2086 2314 2150 403.
2380 2086 2483 2167 qui

301 2192 874 2274 quadringentorum
937 2195 1361 2257 dominationis
1405 2196 1725 2275 participes
1771 2193 2022 2256 fuissent
2062 2194 2331 2259 Athenas
2372 2211 2482 2257 re-

298 2301 428 2363 dire
470 2302 737 2381 potuisse
779 2300 1090 2364 Herbstius
1134 2302 1428 2381 opinetur.
1516 2301 1629 2375 Qui
1675 2318 1752 2363 ex
1795 2299 2244 2380 quadringentis
2284 2299 2481 2364 solum

302 2416 543 2471 vertere
589 2410 784 2471 coacti
853 2414 1068 2484 erant,
1137 2409 1212 2471 iis
1272 2426 1429 2472 anno
1473 2406 1616 2472 404.
1666 2416 1831 2470 certe
1875 2410 1937 2474 iu
1976 2409 2226 2488 patriam
2274 2407 2481 2469 redire

295 2516 478 2577 licuit.
584 2516 730 2582 Nam
792 2517 1240 2582 formidolosam
1302 2520 1544 2599 triginta
1603 2502 1865 2583 virorum
1931 2516 2307 2598 tyrannidem
2351 2533 2482 2581 non

293 2641 509 2686 novam
558 2622 777 2703 fuisse,
838 2627 948 2687 sed
993 2626 1247 2696 eandem
1287 2627 1445 2712 illam
1504 2644 1665 2689 anno
1715 2628 1860 2689 411.
1926 2609 2271 2707 oppressam
2339 2633 2481 2690 tuno

290 2734 701 2795 resurrexisse
739 2752 915 2797 nemo
958 2752 1077 2796 non
1118 2735 1299 2799 videt.
1385 2735 1582 2816 Atque
1627 2735 1872 2797 omnino
1903 2734 2110 2797 falsum
2156 2740 2268 2809 est,
2314 2732 2484 2812 quod

295 2857 406 2919 per
443 2842 694 2919 spatium
738 2842 895 2903 inter
934 2847 1244 2922 utramque
1287 2841 1661 2921 tyrannidem
1705 2840 2075 2902 interiectum
2122 2854 2334 2900 omnes
2377 2839 2480 2916 qui

297 2949 869 3029 quadringentorum
920 2951 1151 3029 imperii
1212 2951 1533 3030 participes
1595 2948 1850 3011 fuissent
1901 2949 2082 3010 exilio
2143 2947 2239 3008 vel
2283 2953 2479 3008 morte
2569 2995 2580 3002 .

299 3056 486 3135 puniti
527 3054 623 3116 vel
666 3046 877 3133 ἄτιμοι
921 3056 1060 3118 facti
1106 3074 1242 3122 esse
1285 3075 1320 3122 a
1368 3056 1668 3121 nonnullis
1712 3055 2002 3143 dicuntur.
2088 3051 2271 3115 Immo
2320 3051 2484 3115 illius

299 3163 870 3243 quadringentorum
912 3162 1196 3226 factionis
1235 3164 1407 3240 socii,
1448 3182 1601 3244 quae
1622 3165 1996 3227 Aristocrate
2021 3160 2518 3224 et'l’heramene·

290 3270 540 3333 ducibus
584 3277 792 3332 contra
833 3278 1172 3335 ceterorum
1215 3271 1516 3335 libidinem
1563 3277 1624 3332 et
1669 3271 1932 3332 iniurias·
1966 3271 2185 3336 civium
2232 3270 2382 3330 vitas
2410 3275 2478 3329 et

292 3379 623 3445 libertatem
666 3377 999 3452 defendere
1044 3380 1407 3455 conabatur,
1451 3393 1760 3459 quaeque,
1805 3394 1937 3437 cum
1982 3376 2311 3439 exercitum
2354 3374 2477 3435 illis

292 3506 495 3568 parum
542 3487 751 3547 favere
805 3496 1171 3569 compertum
1224 3494 1426 3565 esset,
1490 3487 1659 3549 brevi
1718 3492 1985 3566 tempore
2040 3485 2473 3546 incrementum

292 3596 450 3675 cepit
493 3594 655 3659 haud
698 3593 1017 3675 exiguum:
1075 3611 1288 3659 eorum
1328 3594 1547 3675 igitur,
1590 3593 1722 3671 aio,
1761 3593 1918 3656 haud
1963 3595 2045 3656 ita
2088 3593 2288 3672 iniqua
2332 3607 2483 3654 sors.

287 3703 477 3767 fuisse
539 3701 790 3764 videtur.
878 3701 1053 3775 Quod
1114 3709 1177 3765 et
1229 3702 1623 3770 Theramenis
1667 3700 1914 3770 historia
1956 3701 2017 3761 in
2058 3698 2270 3782 vulgus
2326 3706 2485 3762 nota

295 3816 358 3871 et
387 3815 722 3872 ceterorum
768 3818 1035 3896 apparet,
1076 3828 1324 3890 quorum
1366 3810 1685 3875 nonnullos
1731 3818 1867 3891 post
1915 3826 2133 3871 annum
2179 3806 2324 3871 411.
2364 3826 2475 3889 pu..

288 3917 466 3982 blicis
532 3917 875 3981 muneribus
942 3916 1178 3982 functos
1244 3934 1382 3981 esse
1442 3923 1716 3979 constat:
1785 3920 1850 3979 ut
1907 3931 2086 3977 unum
2147 3931 2490 3985 memorem.

289 4026 729 4090 Aristocratem
756 4069 774 4100 ‚
841 4025 939 4103 qui
983 4032 1226 4104 praetor
1272 4023 1381 4086 suit
1433 4023 1769 4108 olympiade
1817 4023 2227 4104 nonagesima.
2260 4021 2488 4089 tertiat.

290 4133 411 4196 vid.
460 4132 733 4211 Xenoph.
782 4133 929 4195 Hell.
979 4134 1079 4195 lib.
1131 4132 1174 4195 Ι.
1227 4150 1356 4212 cap.
1399 4131 1458 4210 4.
1506 4139 1565 4206 §-
1616 4132 1735 4208 21;
1784 4148 1917 4213 cap.
1965 4133 2023 4193 5.
2069 4137 2150 4204 5.,
2181 4128 2292 4205 16;
2340 4147 2475 4209 cap.

294 4240 358 4309 6.
409 4254 468 4321 5.
513 4241 612 4304 29..
697 4243 847 4304 Prae
890 4243 1110 4308 ceteris
1153 4242 1275 4306 hoc
1318 4241 1663 4321 planissime
1717 4239 2150 4302 demonstravit
2194 4237 2481 4300 watien-2

291 4350 542 4414 bachius
582 4369 720 4433 pag.
766 4350 883 4414 65:
940 4350 1441 4434 „Quadringentis
1500 4350 1657 4414 enim
1715 4352 1843 4434 ipsa
1909 4349 2236 4417 dominatio
2280 4348 2475 4441 lii-atadi
