2975 4959
1261 256 1365 306 --’
1463 259 1594 326 151
1703 291 1793 307 --

432 439 615 514 Quod
656 445 723 503 ut
764 440 1041 522 exemplo
1075 448 1322 523 pateat,
1366 443 1591 506 infinita
1635 450 1733 509 est
1767 461 1851 505 an
1890 460 2054 505 uoeor
2094 428 2399 520 ducenda,
2451 441 2612 509 linita

439 566 523 610 aa
595 549 813 611 Catoni
878 549 1151 612 ducenda
1171 570 1196 624 ,-
1269 549 1529 632 ideoque
1589 570 1728 615 esse
1804 553 2078 615 suasoria
2136 557 2386 633 potest.“
2495 553 2655 616 Se·-

444 663 698 736 quuntur
750 659 905 738 apud
946 659 1365 732 Quintilianum
1410 663 1592 723 etiam
1655 660 1979 739 nonnulla,
2042 677 2196 742 quae
2247 659 2324 722 ad
2384 662 2615 742 θέσεις,

443 766 827 844 quaestiones
853 766 1174 846 simpliceS‚
1217 767 1612 845 universales,
1648 767 1988 849 generaleS‚
2028 768 2306 846 infinitas,
2350 773 2413 830 et
2454 761 2616 828 ὑπο..

443 875 669 951 θέσεις,
715 892 951 953 causas,
996 878 1386 956 quaestiones
1426 866 1742 957 speciales,
1782 877 1995 954 finitaS,
2035 876 2471 939 discernendas
2515 874 2618 951 fa·-

444 981 620 1055 ciant.
661 1021 731 1030 —
779 982 958 1046 Haec·
986 985 1354 1065 Protagorae
1396 987 1552 1049 ratio
1595 986 1919 1049 exercendi
1964 985 2386 1066 discipulorum
2428 982 2618 1046 sacul-

314 1170 338 1180 ἃ
440 1095 623 1153 tatem
667 1091 725 1153 in
769 1093 1083 1177 sententiis
1122 1094 1574 1174 simplicissimis
1614 1101 1676 1156 et
1720 1112 1755 1156 a
1802 1093 2163 1168 Quintiliano
2223 1101 2286 1154 et
2344 1094 2420 1155 ab
2486 1096 2617 1174 ipso

441 1197 735 1261 Cicerone
779 1208 843 1262 ut
886 1201 1152 1280 perutilis
1195 1219 1564 1283 magnopere
1602 1203 1894 1267 laudatur.
1976 1203 2109 1265 Vid.
2155 1202 2352 1277 Quint.
2398 1203 2499 1265 lib.
2539 1202 2616 1264 X.

440 1325 570 1387 cap.
616 1309 684 1371 V.
731 1318 788 1386 ς.
841 1310 947 1372 1οε
1014 1311 1358 1390 „Plurimum
1401 1319 1598 1374 autem
1639 1314 1839 1392 parari
1882 1311 2177 1374 facultatis
2220 1312 2495 1375 existimo
2538 1326 2619 1373 ex

440 1417 874 1496 simplicissima
893 1436 1125 1499 quaque
1150 1421 1417 1483 materia.
1437 1421 1585 1485 Nam
1606 1420 1701 1483 illa
1724 1420 2032 1501 multiplici
2048 1438 2458 1500 personarum,
2476 1437 2619 1482 cau·

439 1541 658 1602 sarum,
684 1533 1034 1607 temporum,
1078 1527 1370 1606 Ιοοοτιιηι,7
1402 1527 1717 1607 dictorum,
1750 1529 2044 1593 sactorum
2066 1529 2413 1591 diversitate
2437 1527 2616 1591 facile

440 1635 754 1697 delitescet
792 1636 1100 1698 infirmitas
1144 1644 1230 1699 tot
1267 1655 1336 1700 se
1380 1637 1641 1718 undique
1681 1639 1908 1716 rebus,
1959 1655 2039 1699 ex
2084 1638 2295 1721 qulbus
2361 1637 2616 1718 aliquam

439 1743 878 1822 apprehendas,
924 1743 1330 1808 offerentibus,
1418 1744 1565 1809 lllud
1596 1748 1828 1808 virtutis
1861 1746 2145 1808 indicium
2189 1751 2313 1808 est:
2359 1744 2617 1808 fundere

435 1868 589 1931 quae
633 1859 843 1915 natura
889 1860 1197 1917 contracta
1241 1862 1396 1932 sunt,
1434 1873 1662 1936 augere
1683 1874 1888 1935 parva,
1932 1857 2280 1917 varietatem
2305 1853 2622 1932 similibus,

434 1961 795 2041 voluptatem
841 1964 1131 2042 expositis
1176 1964 1366 2039 dare,
1426 1970 1486 2024 et
1547 1964 1703 2026 bene
1771 1964 1978 2025 dicere
2038 1962 2213 2025 multa
2271 1962 2349 2024 de
2388 1963 2615 2043 paucis.

434 2069 498 2131 In
547 2069 662 2131 hoc
704 2072 924 2150 optime
969 2070 1193 2151 facient
1236 2072 1498 2135 infinitae
1549 2073 1955 2152 quaestioneS,
1995 2088 2143 2151 quas
2170 2071 2376 2132 vocari
2407 2071 2622 2144 θέσεις

437 2177 731 2256 diximuS‚
794 2180 1008 2259 quibus
1055 2180 1270 2245 Cicero
1331 2182 1449 2242 iam
1504 2182 1786 2260 princeps
1846 2180 1904 2241 in
1948 2198 2017 2242 re
2055 2180 2291 2260 publica
2340 2179 2618 2245 exerceri

434 2285 723 2348 solebat.“
832 2287 1144 2351 Ciceronis
1203 2288 1372 2350 loeus
1399 2332 1420 2368 ‚
1461 2307 1561 2351 ex
1609 2305 1726 2368 quo
1772 2288 2165 2362 Quintilianus
2207 2286 2323 2351 hoe
2368 2304 2614 2369 cogno-
2731 2356 2736 2361 ,

434 2395 553 2476 vit,
616 2393 776 2458 haud
837 2397 1115 2477 exiguum
1164 2397 1400 2459 confert
1443 2396 1521 2458 ad
1563 2396 1815 2459 theseon
1846 2403 2116 2459 naturam
2159 2395 2613 2461 illustrandamx

432 2511 527 2569 est
583 2505 742 2567 enim
797 2503 903 2586 Ep.
966 2506 1062 2579 ad.
1123 2507 1245 2568 Att.
1290 2506 1393 2569 lib.
1437 2506 1543 2570 lX.
1594 2506 1671 2568 4:
1733 2506 1886 2587 „Sed
1948 2514 2145 2569 tamen
2207 2523 2283 2566 ne
2347 2523 2444 2566 me
2509 2512 2613 2567 to-

433 2620 552 2675 tum
590 2614 953 2695 aegritudini
996 2615 1211 2677 dedam
1239 2661 1258 2694 ‚
1305 2618 1487 2679 sumsi
1536 2612 1677 2677 mihi
1722 2615 2010 2696 quasdam
2059 2622 2335 2696 tanquam
2374 2618 2616 2699 θέσεις,

431 2740 585 2802 quae
632 2730 692 2784 et
731 2724 1012 2813 politicae
1061 2731 1236 2802 sunt,
1299 2732 1370 2787 et.
1404 2732 1734 2804 temporum
1791 2724 2002 2791 horum
2031 2767 2051 2802 ‚
2111 2730 2174 2786 ut
2218 2730 2279 2785 et
2317 2721 2611 2788 abducam

431 2820 687 2893 animum
735 2833 809 2894 ab
854 2833 1152 2911 querente,
1218 2838 1278 2893 et
1323 2834 1381 2893 in
1428 2848 1504 2893 eo
1567 2811 1700 2912 ipso
1759 2831 1835 2892 de
1879 2848 1997 2914 quo
2058 2831 2255 2912 agitur
2298 2847 2610 2900 exercear.

429 2940 555 3002 Eae
601 2948 736 3003 sunt
758 2940 1153 3004 huiusmodi:
1203 2940 1284 3003 Εἰ
1320 2942 1609 3018 μενετέον
1652 2940 1719 3001 ἐν
1760 2939 1837 3024 τῇ
1876 2940 2137 3021 πατρίδι
2178 2940 2611 3019 τυραννουμέ-

425 3070 518 3132 νῃ.
603 3054 1148 3129 -Τυραννουμένης
1214 3050 1282 3111 δὲ
1318 3047 1543 3128 ·αυ’τῆς
1602 3048 1662 3110 εἰ
1719 3045 1906 3119 παντὶ
1964 3043 2173 3133 τρόπῳ
2245 3046 2611 3127 τυραννίδος

424 3154 769 3219 κατάλυσιν
829 3160 1341 3238 πραγματευτέον
1404 3149 1519 3218 κᾶν
1586 3142 1786 3241 μέλλῄ
1856 3151 1961 3217 aad
2029 3158 2216 3217 τοῦτο
2280 3144 2428 3234 περὶ
2483 3157 2610 3218 τῶν

429 3258 593 3324 ὅλων
647 3259 690 3343 ἡ
753 3261 934 3336 πόλις
992 3260 1442 3331 κινδυνεύσειν.
1534 3266 1618 3329 Εἰ
1663 3265 2047 3346 εὐλαβητέον
2103 3261 2209 3326 τὸν
2265 3258 2611 3324 καταλύον.

425 3393 548 3444 τα,
592 3365 679 3451 μή
726 3367 915 3444 αὐτὸς
964 3370 1235 3452 αἴρηται.
1282 3377 1398 3419 -“
1438 3370 1612 3432 Tales
1662 3372 2048 3451 quaestiones
2086 3376 2397 3451 postquam
2443 3369 2606 3431 duo-

429 3477 622 3539 decim
651 3479 776 3541 t'ere
808 3479 1161 3539 memoravit
1204 3495 1414 3540 omnes
1457 3480 1742 3559 particula
1767 3478 1827 3540 εἰ
1857 3478 2232 3558 incipientes,
2274 3478 2395 3539 hoc
2421 3477 2602 3541 modo

257 3586 263 3591 '
326 3630 329 3635 -
427 3589 650 3668 pergit:
695 3586 796 3665 „ln
849 3586 943 3646 his
986 3603 1105 3667 ego
1145 3606 1241 3657 me
1287 3588 1825 3663 consultationibus
1866 3603 2165 3649 exercens
2193 3593 2258 3651 et
2298 3586 2605 3653 disserens

425 3695 487 3757 in
533 3692 840 3777 utramque
862 3703 1110 3781 ,partem
1144 3703 1263 3759 tum
1308 3698 1548 3771 Graece,
1579 3705 1697 3761 tum
1741 3698 1951 3761 Latine
1992 3704 2053 3760 et
2094 3696 2331 3775 abduco
2359 3714 2605 3791 parum-

422 3822 533 3883 per
593 3807 848 3867 animum
893 3825 927 3868 a
974 3807 1263 3871 molestiis
1293 3852 1313 3884 ‚
1368 3814 1429 3868 et
1488 3811 1612 3869 τῶν
1658 3799 1976 3887 προῖἶργου
2035 3829 2097 3869 τι
2143 3804 2475 3883 delibero.“
2525 3843 2601 3854 ·-

422 3912 634 3973 Thesis
678 3914 858 3994 igitur
898 3922 991 3976 est
1033 3918 1329 3977 sententia
1372 3933 1488 3976 una
1515 3960 1535 3992 ,
1581 3933 1734 3996 quae
1775 3914 2026 3977 remotis
2064 3915 2339 3981 omnibus
2381 3932 2602 3995 perso-

422 4021 517 4081 nis
565 4022 975 4099 quaestionem
1041 4024 1337 4104 quandam
1384 4025 1653 4086 continet
1694 4022 2046 4104 simplicem.
2134 4023 2452 4102 Aptissima
2505 4028 2602 4083 est

420 4128 915 4210 interrogationis
955 4133 1243 4217 ancipitis¹
1277 4133 1468 4197 forma
1519 4143 1691 4208 (nam
1735 4133 1795 4194 in
1839 4139 2149 4211 utramque
2189 4138 2414 4212 partem
2471 4138 2601 4193 tra-

421 4216 638 4300 clauda
682 4245 829 4315 est),
873 4257 986 4332 qua
1030 4249 1089 4302 et
1121 4240 1463 4315 Quintiliani
1507 4248 1566 4303 et
1609 4241 1921 4304 Ciceronis
1963 4240 2164 4312 theses
2212 4256 2419 4301 omnes
2465 4245 2602 4302 sunt

429 4347 889 4426 pronuntiatae:
929 4354 1152 4427 „utrum
1194 4348 1314 4412 hoc
1356 4348 1435 4413 sit
1471 4365 1548 4411 an
1592 4347 1792 4429 illud“‚
1830 4349 1964 4415 sive
2006 4348 2196 4428 „sitne
2236 4346 2458 4428 aliquid
2499 4344 2604 4410 fa·-
