2975 4959
1289 333 1383 371 -,-·-
1498 256 1962 414 116,-’.

463 488 678 572 vulgus
715 493 898 550 totum
947 483 1368 567 profligaturus
1423 493 1485 548 ut
1528 485 1837 548 Socratica
1885 485 2037 547 ratio
2086 485 2301 546 victrix
2358 482 2645 549 evaderet

464 598 851 678 Protagoram
897 594 1154 657 omnium
1197 593 1596 674 sophistarum
1644 592 2180 679 praeclarissimum
2224 609 2298 654 ac
2347 593 2500 655 fama
2533 610 2649 655 ce-
2693 656 2700 667 ,

463 705 918 767 lebratissimum
945 720 1069 765 non
1098 702 1289 783 potuit
1335 718 1460 763 non
1498 700 1730 783 eligere
1768 702 1951 764 totius
1994 700 2262 764 cohortis
2295 717 2645 782 propugna-

466 820 679 876 torem.
765 814 959 892 Atque
1000 810 1488 873 commodissime
1530 809 1648 871 hoc
1695 809 1864 886 iecit,
1912 810 2001 887 si,
2047 809 2108 871 id
2158 809 2319 890 quod
2362 825 2484 891 ego
2522 822 2645 870 non

342 1004 349 1011 ι
468 923 694 997 dubito,
737 920 1104 1001 Protagorae
1152 919 1423 998 discipuli
1464 918 1733 1000 magistri
1780 917 2112 980 doctrinam
2157 917 2216 978 in
2254 916 2465 979 malam
2497 934 2647 996 par-

467 1036 584 1092 tem
631 1027 1055 1109 amplificantes
1102 1026 1442 1089 vanissimis
1505 1024 1824 1088 studebant
1884 1025 2231 1106 praestigiis
2293 1023 2644 1086 dialecticis.

465 1138 604 1201 Illos
648 1143 816 1199 certe
861 1133 1228 1198 observandi
1272 1141 1455 1214 atque
1497 1133 1879 1196 examinandi
1926 1132 2089 1196 Plato
2132 1131 2479 1213 ampliorem
2527 1131 2644 1194 ha-

466 1242 646 1310 heh'at
674 1240 1108 1322 occasionem,
1146 1261 1321 1324 quam
1359 1241 1548 1323 i'psum
1591 1243 1998 1324 Protagoram,
2040 1240 2140 1322 qui
2181 1240 2441 1303 Platonis
2481 1257 2642 1303 anno

464 1353 955 1417 duodevicesimo
1009 1352 1134 1415 fato
1192 1352 1395 1414 cessit.
1507 1350 1592 1412 lta
1617 1395 1636 1427 ‚
1695 1349 1756 1412 id
1815 1350 1975 1431 quod
2038 1364 2223 1431 saepe
2278 1349 2409 1413 fieri
2463 1349 2640 1428 solet,

465 1468 828 1528 sectatorum
875 1463 1017 1523 vitia
1069 1460 1356 1541 magistro
1406 1463 1545 1521 sunt
1593 1458 1894 1538 imputata.
2229 1450 2232 1454 ’

1350 1714 1658 1772 ent-111·
1696 1719 1762 1771 1.

630 1883 992 1965 Protagoras
1036 1882 1359 1963 sophistam
1422 1900 1493 1946 se
1550 1883 1937 1964 profitebatur
1992 1890 2197 1965 aperte
2254 1885 2314 1946 id
2367 1885 2643 1966 proloqui

465 2009 535 2054 se
574 1992 801 2056 audere
858 1990 1169 2072 glorians,
1231 2009 1366 2055 cum
1422 1993 1661 2074 priores
1719 1993 2024 2073 sophistae
2088 1964 2345 2056 e⁹andem
2401 1994 2641 2075 quidem

465 2108 650 2164 artem
698 2101 1171 2179 tractavissent,
1222 2103 1354 2181 sed,
1395 2108 1461 2163 ut
1498 2101 1801 2163 hominum
1846 2101 2102 2164 invidias
2144 2109 2322 2182 atque
2367 2103 2508 2165 odia
2546 2103 2644 2165 vi-

464 2217 681 2289 tarent,
721 2208 852 2272 aliis
893 2210 1232 2271 nominibus
1274 2209 1557 2272 indutam.
1643 2210 1775 2276 vict.
1818 2210 1973 2272 Prot.
2015 2229 2151 2292 pag.
2196 2211 2343 2273 317.
2380 2212 2454 2275 Β.
2495 2206 2639 2292 Ἐγώ

462 2313 574 2381 οὖν
616 2315 854 2381 τούτων
896 2314 1012 2398 τὴν
1052 2316 1341 2381 ἐναντίαν
1397 2314 1653 2380 ἅπασαν
1696 2315 1846 2380 «idcina
1887 2319 2170 2400 ἐλήλυθα
2207 2319 2316 2382 κατ’
2358 2317 2644 2400 ὄμολογῶ

462 2449 527 2491 τε
573 2423 883 2508 σοφιστής
926 2415 1088 2486 εἶναι
1153 2447 1255 2486 και
1301 2424 1533 2487 παιδει
1538 2447 1632 2488 ειν
1673 2423 2088 2507 ἀνθρώπους,
2154 2451 2258 2490 και
2303 2426 2643 2507 εὖλαβειαν

464 2556 698 2613 ταυτην
766 2525 947 2610 οἶμαι
1003 2528 1234 2610 βελτίω
1291 2534 1531 2614 ἐκείνης
1585 2526 1747 2595 εἷται
1812 2533 1882 2595 τὸ
1940 2532 2267 2616 ὁμολογεῖν
2319 2538 2561 2613 μᾶλλον
2605 2565 2638 2619 η

461 2638 723 2720 ἔξαρνον
765 2631 947 2702 εἶναι.
1031 2663 1136 2701 και
1189 2633 1386 2712 ἄλλοις
1423 2638 1582 2720 πρὸς
1625 2639 1821 2726 ταύτῃ
1867 2637 2217 2723 ἔσκεμμαι,
2284 2666 2482 2722 ωστε,
2526 2667 2647 2707 σιν

466 2750 597 2835 θεῳ
641 2748 870 2823 εἰπεῖν,
908 2750 1106 2830 μηδὲν
1149 2745 1349 2809 δεινὸν
1390 2744 1658 2828 πάσχειν
1701 2747 1807 2811 δια
1853 2746 1925 2811 τὸ
1978 2748 2302 2832 ὁμολογεῖν
2338 2749 2646 2835 σοφιστῆς

467 2851 649 2921 εἶναι.
751 2856 893 2937 Pag.
941 2855 1084 2919 348.
1125 2855 1217 2919 Ε.
1266 2850 1452 2918 Ὥστε
1513 2878 1618 2917 xm
1682 2850 1890 2918 ἄλλων
1950 2855 2183 2939 ταύτην
2240 2855 2359 2941 τῆν
2423 2862 2644 2942 τέχνην

467 2966 1038 3046 ἀποκρυπτομένων
1097 2961 1176 3025 σύ
1237 2971 1291 3044 γ’
1337 2960 1709 3045 α’ναφανὸὂν
1765 2961 2033 3027 σεαυτόν
2100 2961 2645 3048 ὖποκηρυξάμενος

470 3073 562 3145 εἰς
601 3063 836 3144 πάντας
883 3068 1031 3145 τούς
1056 3065 1357 3152 Ἕλληνας
1397 3069 1710 3152 σοφιστήν
1745 3071 2140 3150 ἐπονομάσας
2180 3072 2447 3136 σεαυτόν
2487 3074 2645 3139 α’πέ-

472 3201 675 3262 φηνας
715 3173 1100 3249 παιδεύσεως
1141 3175 1252 3238 καί
1294 3176 1523 3258 ἃρετῆς
1568 3177 1967 3248 διδάσκαλον.
2029 3180 2226 3261 Atque
2253 3181 2647 3264 Hippocrates

476 3288 860 3368 Protagoram
907 3286 1171 3348 aditurus
1215 3304 1353 3367 pag.
1383 3285 1528 3349 311.
1576 3286 1623 3348 E
1673 3293 1736 3349 ut
1761 3287 1996 3350 Phidias
2035 3287 2544 3369 ἀγαλματοποιός
2587 3299 2649 3355 et

474 3395 770 3458 Homerus
831 3388 1092 3477 ποιητής
1124 3394 1475 3480 =dicantur,
1531 3395 1611 3457 ita
1674 3393 1833 3457 ilium
1897 3397 2080 3479 vulgo
2144 3398 2468 3480 sophistam
2527 3400 2650 3464 dici

478 3507 581 3570 ait.
662 3504 716 3566 A
755 3504 1008 3566 Socrate
1073 3501 1293 3565 deinde
1359 3509 1652 3584 rogatuS‚
1721 3510 1785 3564 ut
1845 3504 1944 3583 qui
2008 3505 2123 3566 sibi
2184 3506 2447 3587 sophista
2506 3524 2649 3571 esse

477 3610 754 3675 videatur
799 3611 978 3689 dicat,
1020 3629 1160 3692 pag.
1189 3612 1332 3674 312.
1383 3611 1430 3672 C
1473 3611 1835 3691 respondet:
1875 3609 2021 3693 Ἐγώ
2063 3615 2198 3693 μὲν,
2244 3608 2454 3697 ὥσπερ
2499 3610 2651 3679 τοῦ.

477 3744 677 3800 νομα,
739 3720 951 3782 τοῦτον
1011 3711 1170 3781 εἶναι
1230 3717 1569 3803 (ἢγοῆιιαι)
1626 3714 1736 3780 τὸν
1795 3721 1921 3781 ταῖν
1966 3722 2184 3803 σοφῶν
2242 3719 2651 3803 ἐπιστήμονα.

480 3826 585 3889 tlte
629 3844 815 3902 vero,
857 3828 953 3890 cui
997 3827 1263 3890 nondum
1306 3826 1529 3889 sufficit
1576 3825 1808 3890 iuvenis
1849 3846 2233 3908 responsum,
2292 3847 2546 3910 quanam
2594 3834 2654 3896 in

478 3953 550 3999 re
597 3936 789 4018 σοφοί
828 3936 946 3997 sint
987 3935 1292 4018 sophistae
1335 3938 1585 4017 quaerit.
1672 3937 1767 3999 Ad
1813 3938 1974 4018 quod
2017 3936 2409 4018 Hippocrates
2459 3940 2543 4004 Τι’
2575 3935 2655 4004 ὃν

479 4042 797 4125 εἴποιμεν,
843 4045 1072 4126 inquit,
1113 4042 1306 4110 αὐτὸν
1347 4039 1556 4126 εἶναι,
1601 4038 1657 4112 ὦ
1696 4045 2039 4130 Σώκρατες,
2087 4043 2126 4134 ἢ
2174 4051 2503 4134 ἐπιστάτην
2542 4053 2660 4116 τοῦ

481 4154 742 4232 ποιῆσαι
785 4149 992 4215 δεινὸν
1035 4153 1269 4234 agyam
1337 4156 1574 4220 Socrati
1637 4163 1833 4218 autem
1879 4164 2047 4221 recte
2104 4159 2341 4239 quidem
2405 4160 2655 4239 dixisse,

482 4260 740 4323 necdum
781 4277 929 4322 vero
972 4261 1118 4323 satis
1159 4279 1286 4324 rem
1347 4263 1686 4344 explicasse
1743 4263 2019 4328 videtur:
2087 4262 2474 4349 Ἐρωτὴσεως
2530 4263 2656 4350 γὰρ

478 4363 568 4432 ἔτι
614 4366 650 4450 ἦ
700 4365 1032 4451 ἀπόκρισις
1091 4363 1242 4451 ἡμῖν
1319 4371 1560 4454 δεῖται,
1616 4373 1763 4455 περί
1825 4363 1974 4437 ὅτου
2018 4370 2050 4436 ὁ
2092 4371 2399 4457 σοφιστῆς
2455 4372 2661 4438 δεινὸν
