2975 4959
1176 328 1725 400 -179—

357 518 554 584 Laert.
600 519 700 583 lib.
727 520 825 583 IX.
871 521 1093 596 §.550
1141 523 1256 583 iam
1302 537 1336 583 a
1366 520 1645 581 Fabricio
1669 517 1815 581 Bibl.
1838 519 1938 581 Gr.
1984 518 2081 580 ed.
2108 516 2267 580 Harl.
2299 524 2440 580 tom.
2461 518 2531 581 11.

360 648 499 711 pag.
545 628 688 696 670.
733 636 934 692 annot.
979 629 1132 706 iiii),
1190 628 1399 690 Geelio
1445 646 1584 708 pag.
1625 628 1726 690 85.
1785 634 1846 689 et
1885 627 2164 690 Herbstio
2207 644 2343 708 pag.
2396 628 2533 691 113.

362 742 632 797 notatum
679 736 928 802 recoxit.
977 735 1143 798 Sexti
1185 735 1342 797 enim
1385 734 1574 795 verba
1619 732 1992 796 aGerlachio
2019 734 2300 812 indicata,
2341 732 2538 814 quan-

362 860 540 923 quam
558 842 927 923 Protagorae
971 860 1192 904 nomen
1237 842 1510 922 proxime
1537 840 1864 924 praecedit,
1910 848 2109 904 tamen
2135 859 2257 906 non
2287 842 2364 905 ad
2385 842 2540 904 Pro-

360 958 631 1040 tagoram
679 951 789 1012 sed
833 951 910 1012 ad
955 950 1239 1033 Gorgiam
1285 951 1603 1031 pertinent.

1415 1139 1490 1205 11.

1234 1305 1416 1404 Περὶ
1467 1310 1673 1379 Sediv.

590 1483 760 1546 Hunc
801 1500 1039 1566 quoque
1094 1485 1345 1563 librum,
1406 1487 1484 1548 de
1542 1503 1663 1567 quo
1720 1491 1989 1548 veterum
2034 1486 2390 1549 testimoniis
2442 1487 2543 1551 lib.

376 1590 448 1652 ΙΙ.
498 1608 628 1672 cap.
684 1592 754 1652 11.
817 1593 1008 1654 allatis
1067 1596 1211 1656 satis
1257 1600 1536 1671 constat,
1601 1594 1838 1656 suerunt
1905 1595 2003 1674 qui
2045 1594 2176 1657 sive
2222 1595 2552 1657 dubitatio-

276 1680 291 1692 ’
375 1699 552 1759 nibus
607 1699 740 1760 sive
805 1700 1337 1764 obtrectationibus
1387 1708 1705 1764 tentarent.
1789 1702 1986 1781 Atque
2042 1701 2350 1764 Herbstius
2411 1703 2551 1783 qui-

376 1806 510 1867 dem
556 1823 693 1888 pag.
748 1807 886 1869 129.
957 1806 1156 1870 πολλοὶ
1215 1806 1340 1889 γάρ
1385 1806 1464 1870 τὰ
1513 1803 1835 1871 κωλύοντα
1883 1808 2004 1887 με’,
2067 1802 2109 1889 ἦ
2135 1830 2204 1869 τε
2247 1805 2552 1891 ἀδηλότης
2645 1876 2651 1881 ,

371 1917 482 1975 καί
517 1913 763 1995 βραχὺς
807 1907 895 1977 ὧν
935 1914 967 1976 ὁ
1013 1918 1152 1995 βιός
1198 1917 1313 1977 τοῦ
1351 1913 1693 1997 ἀνθρώπου
1738 1915 1880 1977 dicit
1920 1915 2319 1995 sophistische
2360 1917 2554 1979 Hohl-

374 2032 601 2097 worte,
663 2032 840 2104 atque
899 2025 983 2085 ita
1037 2023 1496 2104 disputationem
1551 2040 1720 2085 suam
1783 2023 2116 2087 concludit:
2183 2024 2443 2104 „Womit
2484 2043 2554 2088 er

377 2131 546 2193 diese
569 2131 793 2194 Schrift
831 2133 983 2193 uber
1027 2132 1125 2193 die
1151 2132 1358 2193 Gotter
1398 2149 1523 2193 nun
1562 2150 1703 2212 mag
1744 2131 2062 2212 ausgeffint
2106 2132 2324 2212 haben,
2367 2133 2554 2197 bleibt

381 2240 767 2316 rathselhait3
821 2258 964 2321 mag
1005 2258 1140 2302 man
1181 2242 1554 2321 wenigstens
1595 2240 1763 2302 darin
1809 2239 1906 2301 die
1949 2240 2139 2303 Kunst
2184 2240 2293 2302 der
2331 2241 2556 2321 Sophi-

379 2354 512 2409 sten
556 2347 677 2409 und
722 2347 852 2409 ihre
893 2348 1211 2410 Frechheit
1251 2348 1587 2427 erkennen‚
1631 2348 1730 2410 die
1762 2347 1913 2410 iiber
1956 2349 2135 2409 einen
2169 2348 2555 2429 Gegenstand

380 2457 482 2518 ein
530 2455 691 2517 Buch
735 2456 1012 2536 macheu,
1055 2458 1118 2519 in
1161 2456 1379 2519 dessen
1401 2456 1745 2538 Einleitung
1786 2458 1876 2518 sie
1917 2456 2234 2538 gestehen‚
2280 2460 2422 2518 dass
2465 2458 2557 2519 sie

379 2564 553 2626 keins
619 2563 879 2626 daruber
918 2564 1173 2627 macheu
1241 2565 1564 2628 konnten.“
1650 2565 1939 2644 Equidem
1989 2582 2112 2645 ego
2165 2581 2286 2626 non
2351 2564 2555 2643 video,

379 2672 581 2751 quidni
624 2673 739 2733 iam
788 2673 992 2752 primis
1038 2672 1238 2734 verbis
1281 2675 1638 2735 sententiam
1686 2690 1852 2735 suam
1896 2672 2172 2751 proferre
2199 2717 2218 2749 ‚
2259 2656 2450 2752 eaque
2492 2675 2556 2734 in

379 2779 777 2860 exponenda,
831 2780 1218 2861 explicanda,
1275 2780 1656 2842 defendenda
1699 2798 1808 2860 per
1862 2768 2097 2842 ceteras
2143 2780 2557 2860 disputationis

378 2895 580 2969 partes
645 2890 877 2951 versari
941 2890 1217 2968 potuerit.
1318 2889 1465 2951 Nam
1529 2888 1837 2951 multarum
1896 2888 2308 2970 quaestionum
2376 2888 2553 2950 finem

377 2995 536 3061 hunc
583 3013 742 3074 esse,
784 3001 847 3057 ut
892 2995 967 3058 de
1007 3013 1076 3057 re
1119 2972 1372 3057 tractata
1417 2996 1570 3056 certi
1612 2994 1757 3057 nihil
1802 2995 1924 3057 dici
1963 3011 2144 3076 posse
2167 2995 2554 3078 intelligatur,

379 3122 558 3167 nemo
600 3110 698 3167 est
740 3106 880 3185 quin
924 3112 1205 3185 expertus
1259 3104 1354 3166 sit.
1437 3104 1558 3168 Sed
1601 3105 1921 3186 ingeniosa
1965 3105 2231 3184 satisque
2276 3106 2555 3184 speciosa

379 3221 473 3276 est
535 3186 882 3276 coniectura
947 3232 980 3274 a
1029 3214 1093 3275 C.
1140 3214 1236 3276 Fr.
1278 3213 1622 3275 Hermanno
1680 3231 1819 3295 pag.
1863 3211 2004 3275 366.
2070 3215 2394 3293 proposita.
2497 3214 2555 3276 Is

382 3323 540 3382 enim
582 3327 824 3402 propter
847 3321 985 3383 Plat.
1012 3322 1251 3383 Theaet.
1295 3338 1432 3400 pag.
1460 3318 1733 3383 162.DE
1775 3338 1852 3381 an
1897 3320 1973 3380 de
2019 3320 2150 3382 deis
2195 3321 2555 3403 Protagoras

382 3438 567 3494 totum
612 3430 826 3492 librum
855 3430 1190 3492 confecerit
1214 3429 1389 3491 valde
1426 3429 1704 3490 dubitans
1745 3429 1893 3507 περί
1924 3431 2088 3490 θεῶν
2111 3431 2558 3510 inscriptionem

383 3557 522 3601 esse
564 3544 722 3619 putat
751 3538 1041 3617 Diogenis
1083 3554 1292 3598 errore
1331 3537 1527 3598 fictam
1572 3537 1842 3599 ciusdem
1882 3535 2017 3598 libri
2061 3536 2215 3601 iliius
2261 3541 2410 3616 περι·
2437 3540 2559 3599 τοῦ

276 3692 305 3705 -
380 3639 595 3725 ὄντος,
656 3647 824 3708 cuius
884 3646 1005 3707 hoo
1068 3644 1252 3706 fuisse
1314 3646 1575 3707 initium:
1635 3647 1809 3727 Περί
1866 3646 1984 3724 μὲν
2037 3646 2206 3707 θεῶν
2265 3643 2381 3706 οὔκ
2429 3641 2556 3724 ἔχω

381 3753 615 3817 εἰδέναι
658 3751 782 3816 εἴθ’
822 3751 909 3826 ὥς
949 3750 1108 3816 εἷσίν
1147 3749 1269 3842 ξῖιῬ
1311 3748 1399 3826 ὥς
1442 3752 1558 3814 οὐκ
1601 3754 1760 3816 εἰσίν
1790 3789 1870 3801 -
1913 3749 1947 3831 ἦ
1996 3753 2065 3814 δὲ
2106 3750 2375 3833 ἀλήθεια
2416 3745 2555 3835 ἥδε·

381 3856 630 3922 πάντων
676 3860 1018 3941 χρημάτων
1062 3863 1290 3941 μέτρον
1333 3851 1670 3941 ἅνθρωπος
1710 3865 1772 3921 et
1809 3877 1866 3940 q.
1897 3875 2066 3939 seqq.
2153 3858 2324 3930 Quod
2370 3876 2556 3939 quan-

382 3984 557 4047 quam
602 3969 877 4047 probavit
917 3968 1014 4030 ille
1059 3969 1327 4050 Burgero
1373 3967 1611 4049 Proleg.
1652 3974 1712 4029 et
1749 3968 1974 4031 Annot.
2022 3968 2084 4029 in
2121 3966 2266 4028 Plat.
2311 3967 2554 4033 Theaet.

382 4092 522 4155 pag.
544 4076 602 4151 9,
626 4083 819 4137 tamen
843 4084 1108 4139 veterum
1134 4078 1488 4156 scriptorum
1516 4076 1928 4138 auctoritatem
1951 4075 2148 4137 bacin
2177 4093 2245 4136 re
2271 4068 2559 4137 nihiti‘fa-

387 4182 660 4244 ciendam
707 4201 844 4245 esse
887 4203 1080 4264 neque
1106 4186 1351 4266 But-geri
1397 4180 1532 4246 libri
1575 4185 1816 4245 censori
1860 4183 2012 4259 (vid.
2046 4183 2283 4264 Bergkii
2325 4182 2561 4244 etCae-

389 4293 544 4353 saris
583 4291 826 4372 prem.
878 4293 1054 4355 1844.
1096 4312 1235 4375 pag.
1290 4291 1500 4369 1023.)
1548 4309 1745 4370 neque
1806 4293 1945 4353 mihi
1994 4292 2362 4351 flermannus
2411 4308 2560 4369 per-

396 4399 602 4461 suasit.
689 4398 940 4464 Primum
999 4403 1158 4463 enim
1209 4402 1367 4464 hanc
1425 4400 1834 4482 quaestionem
1882 4401 2243 4479 Protagoras
2283 4399 2335 4460 si
2380 4396 2570 4463 semel
