2975 4959
1245 290 1738 361 ...66-

416 493 655 551 veteres
699 482 1054 561 scriptores:
1104 477 1386 541 conferas
1413 476 1587 539 Diod.
1633 476 1753 538 Sic.
1802 474 1899 537 lib.
1936 472 2066 537 xn.
2120 491 2251 555 cap.
2291 471 2391 535 ΧΙ.
2438 478 2499 548 §-
2530 473 2591 535 3.

421 604 483 658 et
508 597 604 673 -4,
667 592 793 655 Val.
847 589 1004 652 Max.
1072 588 1171 650 lib.
1216 586 1311 648 vl.
1369 603 1500 666 cap.
1542 584 1610 647 V.
1676 590 1793 646 ext.
1840 586 1895 670 §.
1938 584 2015 662 4,
2073 581 2263 646 schol.
2322 582 2394 642 ad
2452 581 2592 644 Plat.

418 706 585 782 Reip.
659 702 760 763 lib.
804 698 879 761 X.
942 714 1077 777 pag.
1127 695 1268 757 599.
1291 694 1359 757 E.
1444 692 1821 755 Charondam
1864 708 2012 754 vero
2054 710 2188 752 cum
2228 690 2410 752 multo
2455 695 2593 750 ante

421 812 676 874 Thurios
721 807 999 870 conditos
1057 805 1280 866 vixisse
1323 808 1597 875 constet,
1664 802 1793 881 ipse
1858 801 2030 862 vivus
2095 798 2370 860 Thurinis
2425 799 2595 878 leges

419 922 688 984 scribere
738 933 858 978 non
899 913 1124 994 potuit,
1181 912 1289 975 sed
1336 911 1520 992 longo
1568 911 1853 990 temporis
1896 910 2086 989 spatio
2137 913 2350 988 postea
2401 905 2593 987 leges,

422 1046 570 1111 quas
612 1023 972 1087 Chalcidicis
1019 1021 1355 1082 civitatibus
1399 1018 1497 1081 ille
1544 1017 1949 1096 condiderat,
2011 1034 2043 1077 a
2093 1016 2372 1077 Thurinis
2412 994 2628 1077 rece-'

419 1145 555 1217 ptae
603 1138 778 1195 sunt:
822 1133 906 1194 ita
955 1128 1228 1210 quidem,
1270 1134 1335 1189 ut
1376 1145 1409 1189 a
1458 1128 1784 1208 Protagora
1829 1125 2289 1187 emendarentur
2329 1130 2389 1185 et
2426 1123 2595 1184 Thu-

417 1244 681 1304 rinorum
738 1238 926 1300 rebus
1000 1235 1363 1315 temporibus
1433 1232 1621 1295 indoli
1688 1232 2127 1313 adaptarentur.
2236 1230 2598 1294 Luculenter

418 1350 539 1411 hoc
584 1347 858 1427 exposuit
903 1343 1217 1406 Muellerus
1259 1359 1394 1422 pag.
1436 1342 1520 1403 44
1544 1386 1564 1419 ‚
1614 1341 1714 1420 qui
1760 1339 2000 1402 Periclis
2058 1339 2339 1420 auspiciis
2382 1339 2595 1400 Prota-

419 1474 632 1539 goram
699 1454 816 1516 hoc
873 1470 1121 1515 munere
1165 1451 1426 1514 functum
1485 1466 1625 1511 esse
1668 1466 1804 1529 pag.
1850 1450 1950 1511 51.
2008 1449 2164 1509 bene
2227 1448 2593 1510 observavit.

418 1564 679 1629 Pericles
714 1568 888 1624 *certe
933 1567 994 1621 et
1041 1558 1317 1621 coloniae
1362 1564 1573 1620 auctor
1612 1556 1922 1618 habendus
1964 1563 2098 1633 est,
2159 1561 2221 1617 et
2260 1561 2387 1618 arta
2434 1571 2594 1617 con-

420 1672 739 1736 suetudine
814 1672 946 1729 erat
1015 1683 1149 1728 cum
1218 1665 1486 1747 sophista
1565 1665 1916 1727 coniunctus
1954 1685 1968 1725 ε
2048 1663 2167 1725 vid.
2238 1662 2380 1725 Plut.
2455 1662 2591 1724 Per.

353 1825 357 1828 ψ
420 1794 551 1856 cap.
597 1771 865 1836 XXXVI.
913 1777 1057 1833 tom.
1099 1771 1143 1833 Ι.
1185 1787 1322 1852 pag.
1371 1770 1510 1832 172.
1556 1771 1638 1833 A:
1707 1766 1787 1832 Τό
1843 1771 1913 1831 δὲ
1976 1769 2298 1851 μειράκιον
2345 1764 2375 1829 ὃ
2423 1763 2594 1839 Ξάν-

419 1887 654 1954 θιππος
699 1881 807 1943 ε’πί
844 1877 1048 1964 τούτῳ
1087 1881 1378 1958 χαλεπαῖς
1435 1876 1752 1949 διατεθείς
1810 1873 2116 1957 ἐλοιδόρει
2171 1876 2278 1941 τόν
2333 1879 2594 1957 πατέρα,

337 2066 341 2072 ,
418 1998 668 2069 πρῶτον
708 1989 824 2066 μὲν
869 1989 1151 2069 ἐκφέρων
1191 1986 1297 2049 ἐπὶ
1332 1988 1553 2066 γέλωτι
1616 1981 1727 2057 τὰς
1790 1981 1948 2047 οἴκοι
2008 1981 2342 2065 διατριβὰς
2400 1982 2598 2045 αὐτοῦ’

418 2096 528 2159 καί
578 2091 727 2169 τούς
785 2090 1005 2176 λόγους
1052 2089 1163 2170 οὕς
1210 2096 1406 2156 ἐποίει
1449 2088 1607 2172 μετὰ
1651 2094 1774 2155 τῶν
1817 2092 2157 2173 σοφιστῶν.
2243 2088 2597 2155 πεντάθλου

417 2203 538 2285 γάρ
584 2223 750 2275 τινος
795 2199 1055 2287 α’κοντίῳ
1098 2200 1479 2277 πατάξαντος
1517 2200 1832 2277 Ἐπίτιμον
1866 2195 1970 2261 τὸν
2004 2194 2364 2282 Φαρσάλιον
2411 2199 2599 2260 οἴκου-

418 2311 571 2382 σι’ως
616 2311 723 2371 καί
765 2309 1306 2387 κατακτείναντος,
1347 2308 1589 2390 ἡμέραν
1630 2300 1779 2390 ὅλην
1829 2308 2153 2370 α’ναλαῖσαι
2194 2303 2350 2387 μετὰ
2396 2310 2599 2387 Πρω-

416 2408 688 2498 ταγόρου
750 2416 1218 2495 διαποροῦντα,
1280 2414 1544 2498 πότερον
1600 2412 1670 2477 τό
1728 2412 2015 2478 α’κόντιον
2076 2406 2119 2496 ἦ
2171 2412 2271 2477 τὸν
2329 2412 2597 2495 βαλόντα

418 2527 661 2605 μᾶλλον
706 2514 751 2603 τ’)
792 2518 939 2594 τούς
981 2520 1381 2601 ἀγωνοθέτας
1420 2519 1573 2583 κατα
1626 2519 1732 2584 τόν
1777 2520 2121 2603 ὀρθότατον
2152 2523 2331 2603 λόγον
2357 2522 2600 2595 αἰτίους

419 2625 546 2711 χρὴ
598 2630 711 2690 τοῦ
758 2626 1004 2701 πάθους
1050 2626 1365 2710 ἡγεῖσθαι.
1455 2630 1777 2692 Schillerus
1825 2630 2059 2711 quidem
2101 2647 2236 2712 pag.
2280 2628 2383 2691 49.
2446 2630 2597 2692 Pro..

423 2744 700 2818 tagoram
739 2736 1012 2799 Thurinis
1055 2737 1225 2819 leges
1267 2737 1583 2818 scripsisse
1624 2738 1763 2800 ideo
1807 2737 1870 2799 in
1914 2738 2151 2800 dubium
2194 2743 2391 2817 vocat,
2435 2735 2597 2819 quod

430 2851 492 2906 et
529 2844 814 2926 graviore
861 2850 1013 2910 teste
1055 2862 1361 2926 egeamuS‚
1403 2851 1464 2907 et
1505 2844 1829 2907 secundum
1853 2844 2170 2926 Bergkium
2196 2848 2598 2907 commentatt.

324 3015 331 3022 l
428 2935 505 3013 de
545 2951 825 3031 reliquiis·
857 2966 1012 3013 com.
1055 2951 1237 3012 Attic.
1285 2952 1506 3030 antiqu.
1555 2967 1692 3032 pag.
1728 2951 1861 3012 101.
1908 2950 2268 3032 Protagoras
2303 2956 2438 3029 post
2481 2948 2599 3009 de-

429 3056 692 3119 functum
758 3056 992 3118 demum
1054 3056 1337 3120 Periclem
1399 3058 1668 3120 Athenas
1727 3058 2043 3138 reliquisse
2102 3058 2392 3120 videatur.
2474 3054 2597 3120 Sed

428 3182 563 3226 cum
622 3162 925 3226 Heraclidi
988 3163 1235 3225 Pontico
1303 3164 1511 3244 (Diog.
1569 3163 1766 3230 Laert.
1823 3164 1921 3227 lib.
1966 3165 2066 3227 IX.
2114 3172 2172 3240 §-
2210 3164 2326 3227 50:
2396 3160 2595 3227 Καθά

431 3294 624 3356 φησιν
659 3268 1090 3353 ιΗρακλειίἲης
1132 3265 1166 3331 ὅ
1212 3269 1526 3345 Ποντικός
1587 3274 1655 3335 ἐν
1687 3280 1841 3346 ντοῖς
1878 3273 2028 3352 περὶ
2081 3271 2322 3351 νόμων,
2384 3267 2452 3343 ὃς
2491 3269 2604 3331 καί

436 3376 731 3461 Θουρίοις
776 3376 1007 3458 νόμους
1046 3376 1291 3459 γράψαι
1332 3382 1526 3463 φησίν
1567 3377 1787 3457 αὖτόν)
1831 3383 2061 3444 auctori
2105 3388 2166 3469 et
2204 3386 2497 3442 velustate
2538 3383 2601 3441 et

437 3487 712 3551 doctrina
747 3487 1086 3566 excellenti,
1128 3507 1462 3570 quanquam
1503 3490 1679 3553 multa
1722 3495 1974 3570 praeter‘
2005 3493 2316 3553 veritatem
2353 3487 2601 3551 finxisse

440 3595 655 3660 dicitur
679 3643 699 3676 ‚
763 3603 1099 3678 ceterorum
1142 3599 1495 3679 scriptorum
1542 3606 1809 3663 veterum
1851 3600 2044 3662 nullus
2088 3600 2202 3662 hac
2243 3602 2304 3662 in
2342 3616 2411 3662 re
2452 3614 2602 3660 con·

437 3702 733 3781 tradicat‚
796 3703 976 3766 immo
1023 3705 1205 3767 rebus
1271 3722 1424 3786 quae
1466 3707 1544 3768 de
1597 3708 1923 3789 Protagora
1985 3708 2161 3774 nobis
2219 3708 2605 3769 innotuerunt

441 3810 719 3874 omnibus
760 3813 1138 3877 testmonium
1187 3814 1320 3878 eius,
1360 3814 1763 3895 confirmetur,
1803 3814 2127 3881 Schillerus
2165 3811 2383 3877 frustra
2425 3812 2603 3875 dubi-

439 3913 601 3980 tasse
657 3916 943 4002 videtur..
997 3920 1292 4002 Bergkius
1334 3924 1491 3988 enim
1518 3939 1634 4003 quo
1677 3924 1806 3987 iure
1846 3924 1984 3986 illud
2031 3923 2301 3986 statuerit
2336 3923 2454 3985 iam
2501 3924 2606 3984 in-

440 4023 759 4105 telligetur.
869 4025 1037 4098 Quae
1092 4028 1415 4093 Schillerus
1471 4031 1715 4111 respicit
1775 4033 1961 4095 verba
2026 4031 2155 4093 eius
2214 4031 2368 4093 haec
2425 4035 2604 4092 sunt:

443 4131 675 4209 „Fuerit
718 4138 914 4194 autem
958 4133 1317 4216 Protagoras
1363 4146 1530 4202 certe
1570 4156 1758 4220 usque
1804 4139 1878 4201 ad
1921 4139 2062 4201 illud
2104 4145 2332 4218 tempus
2353 4137 2605 4202 Athenis

444 4244 863 4319 commoratus,
908 4257 1027 4322 quo
1067 4244 1355 4308 exitiosus
1394 4247 1508 4309 iste
1552 4246 1796 4308 morbus
1837 4246 2104 4328 graviter
2132 4245 2340 4308 afflixit
2366 4259 2605 4308 omnem

447 4339 764 4414 civitatem.
850 4349 1150 4414 Coniicias
1201 4352 1316 4418 hoc
1359 4354 1459 4417 vel
1504 4373 1582 4418 ex
1622 4356 1873 4439 egregio
1906 4355 2008 4420 illo
2054 4355 2407 4439 fragmento,
2448 4349 2612 4431 quod
