2975 4959
1278 283 1814 351 -178-

466 471 639 533 fidem
700 470 1065 550 denegemus
1119 469 1234 530 iam
1292 466 1436 529 nihil
1490 474 1616 529 est:
1688 466 2046 549 Antiiogicis
2094 468 2289 544 enim,
2355 464 2432 526 ad
2474 480 2628 545 quae

465 579 815 641 Ciceronem
856 577 894 640 1.
935 576 977 637 l.
1024 576 1363 655 respexisse
1404 582 1567 656 putat
1610 575 1917 638 Herbstius
1959 592 2095 656 pag.
2151 575 2286 651 113,
2331 573 2487 636 aliud
2517 590 2623 633 ar·-

464 660 803 767 gumentum
845 689 1012 746 recte
1061 683 1339 745 tribuisse
1392 682 1682 746 videniur.
1769 682 1936 756 Quae
1976 684 2030 745 si
2077 684 2155 744 ita
2199 687 2358 768 sunt,
2407 681 2505 742 bic
2547 682 2625 743 li-

466 795 575 856 ber
626 810 705 854 ex
750 790 891 873 igne
931 798 1202 854 servatus
1248 807 1439 873 usque
1484 790 1562 852 ad
1608 792 1843 857 tertium
1881 797 2020 872 post
2067 790 2357 854 Christum
2401 805 2623 852 saecu-

459 900 577 962 lum
620 906 871 962 aetatem
918 898 1062 961 tulit.

624 1007 956 1072 secundum
1005 1007 1143 1069 Plat.
1188 1006 1429 1068 Theaet.
1471 1024 1612 1087 pag.
1662 1005 1796 1068 161.
1845 1006 1892 1068 C
1952 1003 2226 1069 Πάντων
2275 1003 2621 1088 χρημάτων

458 1117 599 1182 illud
644 1117 838 1197 posuit
881 1117 1050 1178 initio
1094 1114 1227 1176 libri
1266 1111 1572 1196 Ἀλήθεια
1615 1115 1912 1195 inscripti:
1977 1113 2106 1194 Τήν
2147 1114 2206 1175 δ’
2254 1109 2458 1194 α’ρχῆν
2509 1111 2625 1174 τοῦ

456 1223 641 1306 λόγου
683 1220 1075 1302 τεθαύμακα,
1114 1216 1209 1285 ὅτι
1250 1222 1363 1284 ov'x
1400 1215 1572 1286 εἶπεν
1614 1218 1965 1304 ἀρχόμενος
1987 1222 2099 1304 τῆς
2123 1220 2472 1305 Ἀληθείας,
2518 1213 2621 1281 ὅτι

455 1327 702 1394 πάντων
739 1331 1083 1412 χρημάτων
1124 1332 1351 1410 μέτρον
1389 1331 1556 1392 ἐστὶν
1599 1320 1677 1402 ὗς
1720 1323 1761 1410 ἢ
1805 1332 2227 1412 κυνοκέφαλος
2250 1335 2311 1390 et
2337 1343 2395 1407 q.
2422 1342 2617 1407 seqq.‚

459 1456 632 1522 quem
695 1435 772 1500 ad
819 1438 1015 1500 locum
1073 1437 1352 1500 conferas
1414 1436 1844 1500 scholiastam:
1893 1435 1977 1501 Τό
2034 1436 2146 1499 τοῦ
2189 1433 2618 1515 Πρωταγόρου

454 1547 854 1628 σύγγραμμα,
900 1546 966 1607 ἐν
1013 1535 1064 1632 ᾧ
1102 1547 1302 1607 ταῦτα
1329 1539 1589 1622 δοξάζει,
1626 1543 1944 1625 Ἀλήθεια
1976 1544 2250 1606 ἐκαλεῖτο
2272 1537 2393 1604 aiud
2420 1545 2616 1620 Πρω-

451 1651 751 1733 ταγόρουι
797 1653 1181 1732 eiusdemque
1223 1652 1445 1733 dialogi
1476 1669 1613 1733 pag.
1653 1651 1786 1717 162.
1811 1652 1891 1729 A,
1936 1650 2073 1713 166.
2098 1650 2165 1730 C,
2216 1651 2351 1714 170.
2375 1648 2444 1711 Ε.
2495 1648 2615 1712 Sed

453 1762 505 1821 si
552 1760 692 1840 quid
736 1762 976 1823 omnino
1013 1760 1129 1821 hoc
1167 1761 1352 1840 ipsum
1383 1759 1658 1840 placitum
1688 1777 1762 1821 eo
1797 1758 1950 1820 libro
1980 1760 2308 1839 expositum
2332 1764 2485 1835 erat,
2519 1758 2616 1819 cui

453 1868 840 1948 inscripserat
868 1869 1014 1948 περὶ
1039 1869 1151 1930 τοῦ
1187 1857 1382 1940 ὄντος.
1426 1868 1645 1944 Quare,
1668 1852 1934 1948 quamvis
1952 1866 2209 1929 Platonis
2233 1865 2404 1928 locos
2435 1863 2615 1927 modo
2719 1946 2724 1955 .

453 1976 751 2038 indicatos
784 1976 911 2037 fere
938 1992 1147 2037 omnes
1175 1974 1474 2056 explicare
1518 1977 1714 2056 possis
1764 1977 1941 2036 etiam
1984 1992 2105 2037 non
2143 1973 2449 2055 Ἀλήθεια
2481 1972 2617 2036 libri

458 2086 707 2147 alicuius
736 2084 958 2146 titulum
979 2085 1160 2146 fuisse
1183 2090 1448 2146 statuens
1476 2084 1631 2161 (vid.
1654 2084 2262 2148 Schleiermacherurn
2281 2084 2357 2146 ad
2372 2083 2615 2145 Theaet.

451 2211 591 2274 pag.
652 2192 787 2255 161.
843 2193 924 2270 C,
984 2199 1194 2254 contra
1240 2210 1413 2272 quem
1459 2193 1777 2273 disputavit
1815 2194 2230 2256 Stallbaumius
2288 2199 2490 2254 annot.
2536 2190 2615 2252 ad

456 2301 711 2363 eundem
752 2302 968 2379 locum,
1019 2308 1081 2362 et
1124 2298 1458 2364 Herbstium
1503 2319 1643 2383 pag.
1692 2303 1893 2378 1500:
1939 2320 2074 2363 nam
2119 2301 2456 2363 scholiastis
2499 2299 2618 2363 hoo

455 2410 518 2471 in
560 2427 786 2491 genere
828 2408 985 2471 nulla
1027 2409 1177 2470 fides
1244 2415 1374 2472 est:
1435 2416 1634 2471 tamen
1692 2408 1845 2471 libro
1890 2428 2000 2471 suo
2044 2409 2119 2471 de
2165 2427 2365 2472 rerum
2404 2415 2616 2470 natura

459 2518 740 2580 confecto
795 2518 1173 2597 inscripsisse
1234 2518 1619 2598 Protagoram
1678 2516 2065 2600 Ἀλήθεια
2126 2512 2167 2601 ἢ
2214 2519 2414 2599 περὶ
2465 2517 2620 2579 τοῦ

456 2617 693 2699 ὄντος
738 2625 997 2688 omnium
1042 2632 1135 2688 est
1172 2626 1299 2688 veri
1335 2625 1708 2687 simillimum.

581 2734 709 2796 Hoc
733 2736 915 2816 igitur
939 2735 1161 2814 scripto
1189 2734 1460 2814 exposita
1504 2740 1677 2796 erant
1714 2733 1930 2813 placita
1971 2734 2015 2796 1.
2063 2732 2134 2796 11.
2175 2732 2272 2796 111.
2300 2734 2393 2797 lv.
2425 2733 2494 2795 V.
2516 2731 2613 2797 v1.

386 2896 401 2907 ..
457 2842 579 2905 vll.
610 2842 756 2904 Vlll.
801 2843 876 2905 X.
918 2841 1018 2905 XI.
1068 2861 1099 2903 a
1129 2843 1303 2904 nobis
1332 2843 1433 2904 lib.
1459 2842 1527 2903 11.
1577 2859 1707 2922 cap.
1742 2840 1785 2902 1.
1830 2860 1909 2904 ex
1952 2849 2218 2904 veterum
2260 2843 2614 2905 testimoniis

458 2951 538 3012 ita
582 2950 844 3027 delinita,
884 2956 948 3012 ut
990 2951 1317 3011 sententias
1364 2951 1601 3030 quidem
1642 2950 2074 3030 Protagoreas,
2116 2950 2224 3012 sed
2267 2967 2390 3012 non
2432 2950 2619 3013 verba

457 3065 762 3138 praestare
818 3056 1121 3119 vellemus,
1208 3057 1405 3129 Quare
1447 3058 1548 3118 bic
1586 3056 1725 3119 illud
1770 3064 1990 3120 tantum
2051 3059 2434 3137 exhibemus,
2501 3074 2619 3139 quo

459 3173 521 3227 et
564 3165 819 3226 omnium
863 3165 1033 3244 quasi
1073 3181 1298 3227 summa
1337 3164 1754 3228 continebatur
1773 3166 2052 3247 quodque
2093 3167 2237 3248 ipsis
2256 3169 2622 3250 Protagorae

460 3275 662 3336 verbis
711 3273 886 3336 nobis
930 3274 1204 3336 traditum
1254 3291 1392 3360 esse
1440 3275 1592 3339 mois
1647 3274 1749 3337 lib.
1791 3273 1862 3337 11.
1920 3293 2049 3359 cap.
2095 3275 2140 3343 1.
2214 3258 2270 3358 ς.
2314 3278 2376 3340 8.
2425 3275 2619 3339 anatis

461 3382 804 3466 planissime
846 3388 1126 3464 apparet:
1987 3389 1993 3393 '

1516 3550 1572 3611 1.

627 3676 979 3744 Πάντων
1019 3678 1464 3764 χρημάτων
1517 3682 1824 3764 μέτρον
1880 3672 2223 3764 ἅνθρωπ
2248 3701 2370 3755 ος·
2451 3682 2623 3745 τῶν

464 3789 621 3867 μὲν
700 3777 978 3850 ὄντων
1046 3785 1156 3862 (ὃς
1219 3783 1466 3868 ἔστι,
1547 3789 1716 3851 τῶν
1795 3789 1883 3852 δὲ
1951 3788 2104 3851 οιῖκ
2175 3779 2450 3853 ὄντων
2515 3788 2623 3866 ὥς

468 3917 500 3956 o
519 3886 558 3955 ὕ
583 3917 618 3954 κ
661 3888 750 3955 ἕσ
769 3916 803 3954 τ
824 3916 867 3956 ι.
2207 3893 2217 3903 ’
2368 3880 2372 3885 ”

635 4025 980 4088 Gerlachius
1019 4044 1156 4108 pag.
1198 4025 1296 4089 65.
1342 4034 1542 4093 annot.
1595 4030 1646 4090 1.
1731 4028 2013 4109 „Endlich
2074 4032 2151 4092 ob
2210 4048 2331 4094 von
2395 4031 2623 4095 diesem

466 4134 667 4196 Buche
714 4136 888 4219 (περὶ
925 4138 1041 4222 τοῦ
1083 4121 1290 4214 ὄντος)
1330 4137 1729 4199 verschieden
1758 4140 1847 4200 sei
1873 4139 1969 4200 ein
2010 4139 2316 4202 ahnliches
2341 4138 2624 4222 περὶτοῦ

464 4232 559 4324 μῆ
594 4236 760 4316 ὄντος
806 4242 966 4305 Sext.
1011 4246 1172 4325 Emp.
1216 4244 1335 4307 Vll.
1388 4243 1504 4308 149
1528 4293 1546 4322 ‚
1600 4247 1749 4308 wird
1790 4248 2142 4310 schwerlieh
2188 4249 2427 4310 konnen
2469 4264 2621 4309 aus-

461 4350 752 4432 gcmittelt
808 4350 1086 4414 werden“
1108 4400 1127 4432 ‚
1189 4352 1449 4436 Menagii
1510 4371 1776 4418 errorem
1837 4357 1991 4434 (vid.
2056 4363 2261 4420 annot.
2322 4355 2400 4417 ad
2439 4354 2619 4437 Diog.
