2975 4959
1229 274 1764 342 -103-

388 454 612 537 phandi
669 457 906 520 ratione
958 459 1326 541 Protagorae
1395 465 1581 521 artem
1646 457 2020 521 dialecticam
2082 458 2190 520 niti
2236 466 2412 539 atque
2454 444 2563 539 pei·

383 563 665 645 placitum
710 564 809 627 tx.
855 566 1150 629 artissime
1199 583 1332 629 cum
1375 567 1474 628 illa
1515 583 1652 629 esse
1698 566 2075 628 coniunctam
2122 567 2415 628 neminem
2460 567 2561 630 fu-

385 691 538 757 gere
578 675 822 754 possit?

557 781 676 845 Sed
719 784 966 862 gravior
1012 778 1210 846 exstat
1266 790 1512 845 nostrae
1555 781 1890 843 sententiae
1947 779 2366 856 adversariu8‚
2427 781 2561 845 Car.

395 888 554 951 Frid.
601 889 1021 968 HermannuS,
1082 891 1181 972 qui
1251 891 1707 952 Zimmermanni
1752 888 2128 968 Ephemerid.
2192 887 2567 965 (Zeitschrist

397 997 494 1059 ffir
530 997 1349 1075 Alterthumswissenschaft)
1395 998 1573 1061 1834.
1614 1016 1755 1079 pag.
1780 997 1923 1059 369.
1970 1003 2031 1058 et
2072 1015 2127 1078 q.
2171 1015 2341 1077 seqq.
2390 1004 2450 1059 et
2487 996 2568 1058 li-

394 1105 485 1167 bri
548 1106 625 1167 de
679 1106 938 1169 Platonis
1002 1106 1378 1188 philosophia
1441 1105 1589 1168 editi
1633 1106 1753 1168 vol.
1799 1104 1843 1171 1.
1888 1123 2030 1186 pag.
2082 1106 2217 1168 190.
2282 1105 2566 1168 nonnulla

393 1212 629 1292 quidem
680 1233 714 1276 a
761 1215 1092 1296 Protagora
1156 1232 1235 1276 ex
1292 1213 1574 1276 Heracliti
1618 1212 1695 1275 de
1736 1230 1935 1275 rerum
1979 1213 2140 1274 fluxu
2193 1213 2412 1292 placito
2449 1212 2568 1274 de·-

396 1327 663 1402 prompta
708 1340 846 1384 esse
890 1323 1104 1399 videri,
1147 1321 1258 1385 sed
1300 1329 1480 1384 totam
1505 1321 1910 1402 Protagoreae
1932 1318 2344 1401 philosophiae
2386 1325 2567 1381 natu·
2620 1314 2624 1318 ’

393 1449 519 1492 ram
579 1448 712 1491 cum
770 1431 1097 1493 Democriti
1158 1431 1358 1511 potius
1415 1430 1651 1492 ratione
1712 1447 2052 1510 congruere
2111 1428 2272 1490 dicit.
2376 1429 2567 1507 „Dass

394 1537 675 1616 dieser“‚
737 1538 924 1619 inquit
964 1536 1419 1617 Ephemeridum
1465 1538 1503 1599 l.
1547 1536 1626 1615 l.‚
1694 1538 1836 1614 „mit
1894 1536 2123 1598 scinem
2185 1532 2567 1617 φαινόμενον

387 1645 627 1726 α’ληθές
692 1644 802 1708 das
863 1645 1170 1709 Nfimliche
1227 1647 1448 1707 meinte
1503 1646 1624 1707 wie
1684 1645 2087 1724 ProtagoraS‚
2153 1644 2251 1706 die
2311 1643 2565 1705 relative

389 1751 708 1815 Wahrheit
749 1752 859 1814 der
880 1752 1324 1834 Erscheinung‚
1365 1751 1562 1814 haben
1608 1750 1801 1813 sehon
1825 1751 2180 1817 Aristoteles
2229 1750 2352 1813 und
2394 1751 2565 1811 seine

389 1859 692 1940 Ausleger
732 1859 1106 1936 anerkannt3
1153 1859 1263 1921 der
1286 1859 1527 1940 einzige
1551 1859 1951 1922 Unterschied
1992 1859 2301 1920 zwischen
2345 1858 2564 1920 beiden

386 1967 488 2049 lag
529 1985 644 2029 nur
683 1968 874 2046 darin,
919 1969 1060 2029 dass
1103 1967 1412 2028 Demokrit
1454 1967 1553 2028 die
1602 1967 1858 2046 Realitat
1912 1966 2023 2027 der
2061 1966 2563 2047 Erscheinungen

388 2074 476 2136 als
517 2075 760 2137 solcher
817 2074 976 2137 noch
1039 2074 1227 2136 durch
1273 2066 1410 2136 ei'ne
1454 2073 1812 2154 allgemeine
1854 2073 2203 2155 Hinterlage
2249 2074 2336 2139 ah
2376 2075 2565 2137 abso-

384 2181 505 2244 lute
550 2181 860 2244 Wahrheit
899 2199 976 2245 zu
1016 2188 1209 2251 retten
1254 2180 1487 2259 suchte,
1538 2181 1635 2243 die
1681 2181 2040 2262 Protagoras
2086 2188 2565 2261 consequenter-

383 2291 571 2352 weise
610 2289 931 2371 wegfalten
972 2290 1174 2354 lieSS.“

552 2399 724 2472 Quod
786 2406 954 2462 recte
1015 2398 1370 2480 disputatum
1433 2415 1575 2462 esse
1641 2398 1742 2459 vix
1798 2398 2106 2479 quisquam
2155 2403 2359 2478 neget.
2442 2396 2564 2459 Sed

383 2504 527 2567 mihi
571 2506 806 2586 quidem
852 2507 1174 2569 discrimen
1224 2508 1381 2569 inter
1418 2513 1734 2588 utrumque
1764 2506 1945 2568 multo
1987 2505 2367 2596 similitudine
2408 2522 2562 2586 gra-

385 2615 518 2676 vius
562 2631 699 2676 esse
743 2615 998 2677 videtur.
1083 2616 1420 2679 Secundum
1449 2615 1855 2691 Democritum
1900 2616 2064 2684 enim⁴
2102 2620 2240 2677 sunt
2282 2615 2465 2676 atomi
2502 2619 2563 2675 et

386 2723 607 2799 inane3
667 2739 820 2803 quae
882 2724 1011 2802 ipsa
1067 2701 1345 2785 sensibus
1394 2741 1516 2785 non
1578 2723 2017 2803 percipiuntur,
2078 2721 2189 2784 sed
2248 2739 2352 2782 res
2420 2728 2560 2783 tan-

380 2830 682 2893 tummodo
727 2848 806 2891 ex
842 2831 1056 2893 atomis
1100 2838 1160 2892 et
1201 2832 1363 2893 inani
1407 2832 1798 2911 compositae,
1840 2848 2086 2912 quarum
2143 2830 2382 2909 quidem
2431 2846 2555 2893 non

383 2956 528 3000 vera
558 2946 651 3000 est
672 2939 956 3016 essentia,
993 2939 1102 3001 sed
1131 2957 1303 3020 quae,
1344 2947 1622 3020 quantum
1647 2938 1885 3020 quidem
1908 2945 2063 3018 sunt,
2104 2955 2383 3000 sensuum
2411 2938 2559 3001 affe-

385 3049 683 3110 ctionibus
715 3048 793 3108 ita
824 3055 1290 3128 cognoscuntur,
1334 3054 1398 3110 ut
1440 3048 1634 3128 qualia
1679 3049 1819 3126 sint,
1863 3048 2001 3110 talia
2045 3048 2323 3109 sensibus
2369 3064 2559 3127 appa-

381 3162 573 3218 reant.
659 3155 790 3218 Hoc
830 3156 1013 3237 igitur
1061 3164 1156 3229 est
1192 3155 1260 3219 τό
1310 3155 1539 3238 κράτος
1583 3158 1690 3236 τῆς
1734 3161 2032 3233 πίστεως,
2072 3156 2230 3236 quod
2273 3162 2408 3227 ταῖς
2453 3156 2555 3219 αἱ·

377 3259 645 3346 σθὴσεσι
687 3280 755 3324 se
801 3265 1208 3327 attributurum
1247 3264 1627 3326 Democritus
1668 3264 1727 3325 in
1771 3262 1924 3325 libro
1976 3260 2419 3347 Κρατυντήρια
2456 3262 2554 3322 in-

377 3374 600 3454 scripto
659 3364 956 3452 pollicitus
1002 3390 1140 3435 esse
1195 3371 1411 3435 dicitur
1455 3390 1490 3432 a
1538 3372 1721 3435 Sexto
1768 3371 1903 3437 adv.
1953 3371 2133 3432 Math.
2177 3371 2280 3432 lib.
2330 3370 2448 3431 vlt.
2492 3378 2550 3446 §.
2669 3383 2675 3389 ·

385 3480 520 3543 136.
608 3480 780 3542 Conf.
824 3487 1062 3560 praeter
1105 3481 1258 3542 alios
1300 3480 1486 3542 Arist.
1534 3479 1611 3541 de
1649 3481 1765 3541 An.
1810 3477 1914 3540 lib.
1957 3477 2001 3541 1.
2047 3497 2177 3559 cap.
2221 3477 2301 3539 3:
2341 3475 2551 3538 Ἐκεῖ-

376 3610 479 3662 νος
511 3589 628 3667 μὲν
667 3584 789 3670 γάρ
837 3585 1053 3660 ἁπλαῖς
1091 3585 1325 3651 ταύτὸν
1369 3583 1592 3669 ψυχήν
1629 3583 1738 3648 καὶ
1774 3588 1942 3649 νοῦν·
2029 3581 2098 3646 τό
2145 3582 2267 3664 γάρ
2313 3586 2552 3667 α’ληθὲς

370 3689 528 3757 εἶναι
573 3691 639 3758 td
699 3690 1126 3778 φαινόμενον·
1176 3692 1311 3777 ,διὸ
1378 3697 1585 3769 καλῶς
1643 3695 1905 3775 ποιῆσαι
1962 3687 2071 3755 τὸν
2120 3687 2401 3773 ’Όμηρον
2458 3690 2547 3765 ὥς

357 3794 586 3883 Ἕκτωρ
630 3804 772 3865 κεῖτ’
816 3800 1274 3884 ἀλλοφρονέων.
1358 3801 1613 3882 metaph.
1660 3803 1762 3864 lib.
1808 3801 1906 3863 ΠΙ.
1955 3818 2084 3880 cap.
2129 3803 2206 3863 5:
2262 3799 2346 3862 To'
2389 3824 2545 3884 φαι-

370 3900 630 3984 νόμενον
672 3906 828 3972 κατὰ
893 3905 1000 3990 τὴν
1057 3906 1356 3988 αἴσθησιν
1402 3911 1467 3985 ἐξ
1516 3908 1787 3993 α’νάγκης
1847 3909 2081 3990 ἀληθὲς
2123 3902 2295 3971 εἶναι’
2327 3931 2545 3991 φασιν.

370 4013 440 4075 ἐκ
482 4012 725 4083 τούτων
772 4015 892 4097 γάρ
948 4017 1056 4078 καί
1089 4013 1498 4098 Ἐμπεδοκλῆς
1536 4017 1650 4078 καὶ
1690 4016 2084 4097 Δημόκριτος
2126 4016 2233 4078 καί
2270 4018 2394 4078 τῶν
2433 4007 2544 4076 ἅλ-

361 4124 488 4183 λων
562 4119 648 4195 ὥς
713 4118 858 4197 ἔπος
918 4125 1113 4187 εἰπεῖν
1186 4126 1444 4199 ἕκαστος
1524 4123 1846 4196 τοιαύταις
1918 4121 2125 4205 δόξαςς
2186 4125 2544 4205 γεγένηνται

372 4221 603 4308 ἔνοχοι.
689 4229 786 4290 Ad
838 4232 1265 4312 cognoscenda
1309 4232 1488 4314 igitur
1526 4229 1601 4294 τὰ
1647 4228 2004 4321 φαρνόμενα
2064 4212 2343 4295 sensuum
2389 4228 2545 4295 affe-

368 4336 628 4399 ctionum
674 4337 1014 4403 testimonia
1058 4347 1196 4404 sunt
1239 4340 1590 4404 certissima.
1629 4378 1636 4383 -
1674 4340 1795 4407 Sed
1854 4341 2101 4404 relativa
2162 4344 2256 4402 est
2314 4338 2540 4400 veritas

1080 4524 1111 4543 'x
