2975 4959
1188 252 1827 362 -183-‘

385 478 539 542 nulla
561 478 797 558 quidem
821 477 1018 542 addita
1043 478 1438 561 explicatione
1466 491 1636 562 (pag.
1654 480 1807 554 843.
1850 479 2034 542 Nobis
2061 478 2214 542 enim
2237 478 2358 542 hoc
2381 479 2541 545 scri-

384 595 486 669 plo
539 589 616 650 de
666 588 1070 668 antiquissima
1112 607 1310 651 rerum
1364 590 1725 669 publicarum
1767 589 1999 653 ratione
2039 589 2242 669 egisse
2289 588 2542 664 videtur,

310 680 315 685 ⁵
384 714 503 776 quo
546 703 723 777 pacto
768 693 831 759 et
868 702 1006 760 ante
1047 697 1320 760 conditas
1366 706 1473 760 res*
1507 697 1774 779 publicas
1835 696 2107 758 homines
2150 695 2440 758 vixissent
2480 702 2544 758 et

384 805 566 885 ipsae⁴
614 811 819 867 essent
877 806 1251 868 constitutae.
1333 807 1462 869 Fuit
1519 808 1734 888 igitur,
1792 811 1857 867 ut
1894 804 2216 867 vernaculo
2262 821 2542 867 sermone

383 913 614 991 planius
655 911 904 992 loquar,
965 908 1198 993 „Ueber
1239 914 1336 976 die
1378 921 1540 977 erste
1577 913 1932 994 *Gestaltung
1969 910 2543 993 gesellscbaftlicher

389 1018 849 1082 Verhffltnisse.“

587 1133 845 1214 Mythum
908 1140 1103 1196 autem
1162 1134 1319 1197 illum
1345 1181 1365 1212 ,
1421 1150 1595 1215 quem
1656 1136 1797 1199 Plat.
1844 1136 1998 1198 Prot.
2042 1153 2182 1218 pag.
2222 1135 2364 1198 320.
2412 1135 2543 1197 0-

383 1241 524 1306 322.
576 1243 626 1305 D
679 1240 942 1323 sophista
999 1260 1132 1305 cum
1183 1242 1552 1307 auditoribus
1599 1245 2030 1322 communicat,
2090 1262 2171 1306 ex
2228 1243 2345 1306 boc
2387 1243 2545 1315 libro

380 1367 519 1413 esse
577 1352 888 1431 repetitum
952 1352 1212 1431 optime,
1282 1352 1397 1415 nisi
1455 1351 1670 1427 fallor,
1740 1352 2151 1415 Wernsdorfio
2204 1351 2355 1433 (yid.
2419 1349 2545 1414 loc.

384 1459 565 1521 modo
612 1458 770 1535 ind.)
815 1460 967 1520 viam
1008 1466 1333 1540 praeeunte
1373 1460 1680 1523 Herbstius
1726 1459 2086 1527 observavit.
2173 1461 2328 1533 Quin
2366 1460 2544 1530 ,enim

383 1584 463 1628 ex
527 1567 890 1648 Protagorae
946 1567 1101 1630 libro
1172 1568 1370 1648 aliquo
1434 1567 1597 1630 Plato
1665 1569 1782 1631 hoc
1845 1568 1925 1630 ita
1967 1567 2416 1648 exscripserit,
2482 1572 2547 1629 ut

382 1693 505 1738 non
547 1677 728 1738 modo
775 1678 1200 1739 sententiarum
1240 1694 1473 1755 nexus„
1528 1676 1638 1740 sed
1680 1676 1919 1741 dicendi
1960 1694 2152 1761 genus
2198 1677 2539 1738 universum

385 1791 563 1863 atque
609 1783 703 1846 vel
742 1784 1111 1864 singulorum
1155 1764 1475 1847 verborum
1516 1784 1799 1853 baudita
1858 1803 2047 1865 pauca
2086 1787 2208 1847 sint
2251 1783 2548 1864 Protago-

376 1909 527 1966 rea‚
585 1890 837 1953 dubitari
897 1908 1021 1952 non
1075 1897 1291 1971 potest.
1374 1891 1505 1952 Hoc
1552 1899 1716 1953 certe
1771 1891 1874 1952 vix
1928 1892 2114 1973 fugiat
2170 1908 2542 1971 quemquam,

375 2001 556 2061 totius
621 1998 739 2060 loci
802 1990 1120 2073 dictionem
1182 2016 1216 2060 a
1271 1979 1514 2061 Platone
1579 1999 2001 2063 abhorrentem
2068 2005 2284 2079 poetae
2349 1999 2542 2078 magis

379 2120 520 2170 esse
564 2126 738 2188 quam
780 2125 997 2188 prosae
1039 2108 1329 2169 orationis
1371 2108 1699 2187 scriptoris.
1784 2106 2138 2187 Atque'iam
2165 2106 2542 2168 Heindorfius

376 2215 654 2278 ad-Prot.
699 2234 836 2297 pag.
881 2215 1024 2279 320.
1067 2215 1118 2276 E
1159 2222 1275 2277 tam
1323 2215 1659 2277 locutiones
1697 2216 1985 2297 singulaS‚
2026 2221 2090 2277 ut
2137 2207 2367 2287 ἄοπλος
2410 2211 2537 2297 epti..

372 2343 473 2393 σις
501 2374 517 2402 ,
556 2318 888 2404 μικρότητι
930 2322 1310 2402 οἷμπισχεῖν,
1338 2319 1588 2402 ’πτηνὸς
1633 2320 1797 2405 φυγή
1824 2367 1843 2400 ‚
1893 2322 2085 2401 aliae,
2140 2338 2314 2402 quam
2352 2328 2535 2384 tolum

373 2430 664 2493 orationis
707 2429 970 2492 colorem
1015 2448 1048 2491 a
1094 2429 1350 2501 Platonis
1396 2428 1529 2489 stilo
1576 2429 1924 2491 discordare
1985 2434 2231 2492 monuit.
2334 2430 2536 2502 Quare

371 2553 489 2619 ego
534 2538 692 2600 hunc
734 2538 971 2617 locum,
1032 2539 1245 2619 quippe
1302 2540 1401 2618 qui
1456 2538 1533 2599 ad
1579 2539 1944 2620 Protagorae
1983 2540 2287 2602 scribendi
2341 2555 2536 2618 genus

366 2645 842 2727 perspiciendum
896 2646 1204 2727 plurimum
1263 2647 1619 2726 conferret,·
1665 2649 1932 2727 quamvis
1977 2647 2234 2709 fortasse
2296 2646 2537 2728 longior

372 2770 510 2817 esse
556 2753 879 2833 videretur,
919 2755 1017 2816 hic
1059 2770 1179 2815 non
1226 2755 1515 2817 exhibere
1556 2755 1838 2835 religioni
1877 2755 2235 2818 habuissem.

530 2870 692 2932 Ecce
733 2871 909 2952 igitur
944 2869 1176 2947 fabula,
1216 2889 1331 2951 qua
1371 2871 1473 2932 vix
1515 2871 1824 2952 quiequam
1871 2871 1989 2934 dici
2029 2878 2226 2952 potest
2272 2871 2527 2952 elegan-

366 2978 487 3040 tius
537 2996 734 3059 neque
792 2976 952 3057 quod
1010 2994 1142 3039 cum
1189 2968 1552 3040 Graecorum
1610 2978 1774 3041 vitae
1835 2996 1908 3041 ac
1969 2981 2266 3042 civitatum
2326 2981 2547 3042 indole·

366 3087 557 3166 magis
605 3093 915 3167 congruat.
1001 3084 1238 3166 Legens
1286 3093 1483 3148 tamen
1529 3102 1767 3166 semper
1808 3093 2017 3149 teneas
2063 3087 2279 3163 velim,
2322 3089 2530 3150 Prota-

363 3211 554 3275 gorae
593 3212 714 3255 non
758 3211 895 3256 esse
935 3195 1065 3274 ipsa
1107 3194 1315 3273 verba,
1352 3195 1463 3257 sed
1494 3196 1844 3274 sententias,
1883 3196 2218 3258 locutiones
2259 3197 2526 3277 singulas

368 3301 560 3362 minus
596 3300 897 3380 vulgareS‚
944 3301 1245 3380 totumque
1286 3300 1528 3363 dicendi
1568 3319 1783 3384 genuS,
1826 3320 2157 3382 quanquam
2205 3303 2461 3365 fortasse
2490 3322 2526 3365 a

344 3407 611 3470 ‘Platone
654 3408 753 3469 hic
791 3406 914 3469 illic
958 3414 1402 3488 exaggeratum.
2293 3390 2314 3409 ς’
2551 3410 2558 3419 “

1408 3573 1468 3638 4.

513 3699 646 3786 Ἦν
703 3722 855 3806 γάρ
927 3745 1114 3788 ποτε
1175 3722 1520 3809 χρόνος,
1587 3718 1730 3787 ὅτε
1785 3722 1984 3789 θεοὶ
2042 3727 2199 3804 μὲν
2258 3718 2518 3809 ἦσαν,

359 3827 605 3912 θνητοὶ
678 3832 759 3895 δὲ
813 3834 992 3916 γένη
1062 3832 1210 3895 οὐκ
1273 3825 1384 3914 ἦν.
1481 3831 1769 3913 ἐπειδὴ
1836 3834 1919 3896 δὲ
1990 3837 2132 3896 καί
2201 3833 2518 3911 τούτοις

357 3935 641 4020 χρόνος
710 3932 954 4020 ἦλθεν
1023 3938 1551 4020 εἱμαρμένος
1615 3943 2059 4021 γενέσεως,
2120 3948 2515 4006 τυηοῦσιν

359 4044 572 4107 αὐτοὶ
613 4048 793 4108 θεοῖ
832 4051 979 4129 γῆς
1023 4046 1256 4111 ἔνδον
1295 4049 1384 4111 ἐκ
1427 4051 1581 4129 γῆς
1626 4050 1761 4111 καί
1813 4045 2078 4129 πυρὸς
2119 4056 2513 4129 με’ξμντες

356 4154 681 4236 καίιτῶν
727 4147 876 4217 ὅσα
933 4160 1141 4236 πυρὶ
1195 4157 1330 4218 καί
1379 4159 1475 4239 γῇ
1525 4155 2030 4237 κεράννυται.
2116 4154 2403 4237 ἐπειδή
2450 4161 2517 4221 δ’
2589 4240 2596 4247 ἡ

358 4250 582 4340 ἄγειν
625 4257 841 4324 αὐτοὶ
885 4261 1082 4342 πρὸς
1123 4267 1284 4345 φῶς
1322 4259 1691 4345 ἔμελλον,
1757 4267 2263 4344 προσέταξαν
2301 4267 2510 4346 Προ·

356 4371 632 4446 penest
684 4371 821 4431 καί
877 4370 1315 4452 Ἐπιμηθεῖ
1365 4372 1813 4451 κοσμῆσαί
1865 4393 1952 4433 τε
2010 4370 2163 4433 καί
2218 4376 2511 4450 νεῖμαι
