2975 4959
1259 244 1754 312 ...72-

423 425 540 489 alia
597 424 1073 506 suppeditaretur
1119 423 1294 488 huius
1356 423 1715 489 difficultatis
1776 426 2077 507 expeditio
2109 428 2296 496 ‚multo
2341 429 2591 493 facilior.

419 533 712 614 Equidem
757 536 913 595 enim
957 551 1077 614 ego
1123 550 1202 594 ne
1247 536 1519 597 invenire
1566 535 1801 614 quidem
1826 552 2064 614 possum
2085 537 2391 617 Hipponici
2424 555 2592 599 mor-

426 650 548 705 tem
593 644 652 705 in
704 642 800 705 his
861 644 1065 707 verbis
1124 644 1347 706 diserte
1403 643 1745 709 indicatam.
1834 643 2015 716 Quasi
2071 645 2131 705 in
2190 662 2297 707 sua
2360 646 2597 725 quidem

422 751 639 814 Callias
689 756 959 813 versatur
1023 750 1085 811 in
1133 749 1445 830 Hipponici
1495 749 1719 827 doma,
1784 748 1894 810 sed
1952 750 2153 829 quidni
2218 750 2336 812 hoc
2384 750 2594 813 fecerit

417 866 586 940 patre
627 861 803 921 etiam
845 859 1035 920 vivo?
1114 859 1310 938 Atque
1353 859 1454 920 vix
1498 857 1735 919 dubium
1780 864 1889 935 est,
1930 859 2070 938 quin
2113 858 2189 920 ob
2236 860 2410 920 nimis
2435 858 2593 921 libe-

413 987 543 1031 ram
586 968 716 1030 eius
757 985 887 1029 cum
935 963 1217 1045 sophistis
1260 963 1502 1026 vivendi
1541 966 1856 1052 rationem,
1899 984 2017 1046 qua
2051 947 2284 1028 divitias
2305 974 2588 1046 paternas

415 1076 816 1158 dilapidabat,
868 1081 1000 1137 orta
1056 1072 1392 1135 sit2Calliae
1438 1090 1572 1134 cum
1632 1078 1801 1153 patre
1847 1076 2023 1136 nimis
2081 1092 2269 1155 parco
2315 1075 2585 1139 simultas

350 1159 356 1170 .
411 1186 534 1262 illa,
577 1186 736 1249 unde
783 1175 1120 1247 Aeschines
1159 1182 1503 1245 Socraticus
1548 1180 1773 1263 dialogi
1819 1181 2040 1246 Calliae
2084 1185 2326 1246 nomine
2366 1184 2590 1246 inscri-

410 1297 493 1377 pti
556 1300 964 1376 argumentum
1030 1293 1352 1373 sumpsisse
1417 1291 1632 1353 dicitur
1699 1294 1773 1353 ab
1838 1292 2153 1356 Athenaeo
2194 1294 2293 1355 lib.
2335 1294 2402 1355 V.
2443 1311 2585 1375 pag.

413 1401 554 1464 220.
601 1401 667 1462 Β.
770 1398 945 1460 Cous.
1010 1398 1277 1460 eiusdem
1343 1397 1442 1459 lib.
1490 1397 1612 1458 Vll.
1682 1415 1819 1479 pag.
1866 1398 2010 1462 328.
2057 1399 2124 1467 Ε.
2240 1402 2439 1475 Quare
2510 1401 2590 1464 ad

409 1509 674 1598 llerbstii
717 1505 1175 1587 explicationem
1215 1512 1281 1572 ut
1320 1506 1690 1587 refugiamus
1735 1523 1856 1567 non
1896 1524 2047 1587 opus
2088 1513 2198 1569 est.
2284 1508 2407 1570 lam
2438 1527 2587 1573 vero

412 1623 618 1680 cetera
674 1614 972 1705 Athenaei
1038 1621 1387 1697 argumenta
1453 1622 1699 1678 nostrae
1759 1616 1979 1679 rationi
2042 1635 2165 1679 non
2231 1626 2587 1700 repugnant.

414 1722 593 1796 Quod
636 1727 831 1783 autem
886 1720 962 1781 de
1005 1720 1378 1783 Pherecratis
1421 1722 1778 1803 Agrestibus
1837 1722 2130 1803 disputat,
2195 1731 2295 1787 aut
2348 1725 2585 1789 fabulae

377 1841 629 1892 'annum
667 1830 798 1909 ipse
848 1828 1039 1891 minus
1081 1835 1247 1891 recte
1271 1828 1581 1907 indicavit,
1621 1836 1743 1909 aut,
1783 1830 1847 1891 id
1890 1831 2051 1912 quod
2092 1833 2379 1912 perfacile
2420 1835 2584 1897 acci.

410 1937 557 2001 dere
585 1944 842 2017 poterat,
887 1938 980 1999 bis
1000 1936 1100 1999 illa
1120 1937 1298 2000 docta
1321 1943 1434 2017 est,
1477 1939 1723 2017 primum
1751 1941 1913 2001 circa
1939 1956 2157 2003 annum
2178 1940 2324 2020 436,
2367 1943 2580 2004 iterum

407 2044 553 2125 481,
594 2045 690 2108 vel
736 2063 813 2107 ex
860 2045 1149 2107 Boeckhii
1189 2047 1631 2127 computatione
1675 2046 2023 2109 Gamelione
2066 2049 2206 2114 anni
2236 2048 2376 2110 420.
2437 2049 2586 2112 Nam
2674 2109 2679 2118 ,

407 2156 529 2219 iam
590 2172 752 2217 anno
806 2150 949 2217 438.
1055 2153 1474 2216 Pherecratem
1544 2153 1774 2216 fabulas
1846 2155 2129 2216 docuisse
2192 2172 2229 2217 a
2284 2155 2585 2219 Meinekio

409 2263 645 2344 Fragm.
676 2261 839 2323 Com.
871 2261 1082 2323 Graec.
1107 2259 1226 2323 vol.
1250 2259 1299 2321 1.
1330 2277 1466 2341 pag.
1497 2258 1599 2322 66.
1633 2259 2101 2324 demonstratum
2128 2269 2236 2324 est.
2281 2263 2589 2327 Schleier-

407 2371 728 2435 macherus
765 2385 902 2449 pag.
948 2369 1088 2429 221.
1137 2374 1197 2429 et
1238 2367 1574 2447 HerbstiuS,
1619 2369 1717 2448 qui
1760 2385 1896 2449 pag.
1925 2368 2028 2433 90.
2055 2377 2115 2432 et
2143 2389 2197 2450 q.
2232 2389 2399 2452 seqq.
2443 2372 2587 2437 431.

410 2480 583 2560 ponit
624 2476 849 2558 dialogi
893 2493 1110 2538 annum
1138 2522 1156 2554 ,
1217 2476 1563 2557 Agrestium
1612 2477 1915 2539 mentione
1974 2479 2217 2540 alteram
2264 2498 2299 2542 a
2342 2480 2588 2550 Platone

410 2587 792 2650 commissam
835 2601 973 2647 esse
1023 2589 1232 2664 putant
1274 2589 1604 2663 temporum
1646 2583 2099 2664 confusionem,
2155 2592 2220 2647 ut
2255 2588 2441 2666 priori
2484 2587 2589 2667 illi,

408 2712 564 2777 quae
603 2701 734 2756 erat
776 2693 852 2756 de
896 2692 1207 2774 Hipponici
1249 2698 1445 2753 aetate
1491 2700 1699 2772 (quam
1750 2693 1988 2772 quidem
2028 2711 2143 2756 nos
2192 2694 2409 2756 nullam
2449 2713 2587 2759 esse

408 2800 698 2878 vidimus]
746 2798 934 2862 altera
981 2799 1261 2861 adiuncta
1308 2797 1638 2879 perfectior
1681 2806 1846 2860 esset
1865 2799 2182 2862 simulatio.
2243 2803 2413 2877 Quod
2458 2811 2587 2868 utut

409 2916 544 2988 est,
588 2908 702 2972 hac
747 2925 865 2970 una
907 2905 1285 2983 difficultate,
1331 2908 1383 2968 si
1424 2923 1542 2985 qua
1585 2912 1699 2980 est,
1743 2912 1952 2968 nostra
1992 2911 2427 2988 argumentatio
2469 2911 2589 2973 mi-

407 3018 570 3081 nime
609 3015 1042 3092 labefactatur,
1103 3016 1202 3076 cui
1244 3016 1422 3076 etiam
1466 3014 1579 3076 alia
1623 3015 1913 3095 quaedam
1956 3015 2096 3077 addi
2141 3025 2390 3097 possunt
2429 3018 2586 3081 levia

412 3126 651 3208 quidem
690 3122 962 3206 singula,
1017 3137 1202 3201 quare
1261 3121 1459 3184 omnia
1503 3139 1809 3201 exponere
1853 3123 1994 3185 nolo
2023 3169 2041 3203 ‚
2102 3123 2212 3186 sed
2257 3142 2409 3205 quae
2455 3143 2589 3187 cum

409 3235 710 3316 prioribus
757 3230 973 3294 collata
1018 3230 1391 3291 auctoritatis
1443 3247 1649 3293 eorum
1716 3231 1950 3312 pondus
2001 3238 2279 3313 augeant.
2362 3233 2590 3295 Socra-

409 3350 502 3405 tes
559 3342 715 3403 enirn
776 3338 1073 3402 iuniorem
1138 3353 1209 3408 se
1273 3337 1404 3417 ipse
1451 3338 1801 3418 profitetur,
1871 3345 1935 3404 ut
1980 3355 2115 3420 pag.
2159 3339 2304 3402 314.
2344 3341 2390 3402 Β
2436 3340 2587 3420 Hip·-

407 3456 716 3531 pocratem
754 3451 838 3510 ita
877 3445 1228 3526 alloquitur:
1282 3445 1494 3508 Ταῦτα
1530 3436 1646 3507 οὖν
1690 3443 2073 3525 σκοπώμεθα
2119 3445 2228 3509 καί
2264 3444 2418 3525 μετά
2463 3450 2586 3511 τῶν

406 3557 852 3637 πρεσβυτέρων
884 3551 1081 3636 ἡμῶν·
1128 3550 1309 3633 ἡμεῖς
1346 3549 1468 3634 γὰρ
1517 3548 1608 3614 ἔτι
1650 3553 1779 3614 νέοι
1820 3545 1984 3615 ὥστε
2023 3558 2283 3616 τοσοῦτο
2326 3555 2586 3635 πρᾶγμα

408 3665 751 3726 διελέσθαι.
840 3662 970 3736 Quo
1036 3677 1371 3742 quanquam
1435 3659 1627 3721 iocari
1686 3659 1997 3724 Socratem
2056 3678 2429 3742 nequaquam
2491 3679 2588 3723 me

403 3770 607 3853 fugit,
671 3777 869 3833 tamen
933 3769 1328 3850 quadraginta
1387 3784 1500 3830 sex
1560 3766 1689 3829 fere
1748 3754 1940 3831 annos
2002 3775 2200 3831 natum
2264 3770 2425 3832 Plato
2487 3772 2589 3836 vix

405 3881 488 3943 ita
530 3878 870 3958 loquentem
911 3879 1119 3942 facere
1147 3877 1428 3959 potuerit,
1481 3876 1593 3938 sed
1621 3877 1816 3960 potuit
1855 3877 2096 3958 triginta
2140 3883 2416 3957 quattuor
2459 3878 2589 3939 fere

407 3987 747 4052 habentem.
850 3986 1159 4067 colloquio
1225 3985 1444 4048 deinde
1482 3984 1569 4047 'ad
1624 3984 1800 4049 finem
1845 3985 2134 4064 perducto
2175 4003 2311 4067 pag.
2356 3986 2499 4049 361.
2538 3986 2588 4048 E

415 4096 599 4158 hanc.
629 4096 991 4177 Protagoras
1052 4095 1128 4156 de
1173 4096 1426 4159 Socrate
1481 4094 1598 4156 fert
1655 4095 2046 4155 sententiam:
2087 4093 2256 4156 Ἐπεὶ
2295 4097 2405 4159 καί
2445 4092 2594 4176 περὶ

411 4203 534 4267 σοῦ’
575 4201 734 4285 πρὸς
777 4198 1047 4275 πολλοὺς
1090 4202 1165 4283 δὴ
1213 4199 1456 4284 εἴρηκα,
1508 4197 1604 4264 ὅτι
1650 4193 1738 4265 εἶν
1785 4197 2147 4283 ἐντυγχάνω
2194 4201 2353 4264 πολι)
2395 4200 2585 4281 μάλα..

411 4336 533 4380 στα
572 4304 815 4395 ἄγαμαι
859 4311 954 4392 σε’,
995 4312 1123 4375 τῶν
1165 4311 1283 4390 μὲν
1319 4308 1691 4395 τηλικούτων
1732 4312 1841 4377 καί
1881 4310 2074 4376 πάνυ·
2163 4313 2274 4376 καί
2312 4311 2468 4393 λέγω
2498 4331 2589 4393 γε,
