2975 4959
1176 287 1619 354 -3-

337 472 459 537 Sed
499 491 638 535 num
678 475 761 535 ita
795 470 1071 554 expediri
1102 474 1296 553 possit
1337 454 1491 538 haec
1531 472 1866 538 difficultas.
1889 491 2256 557 magnopere
2281 476 2515 560 dubito:

335 600 714 661 nequaquam
777 582 936 646 enim
991 588 1109 643 tam
1174 584 1342 661 parvi
1407 582 1656 644 facimus
1714 582 2023 663 Eupolidis
2077 586 2518 662 testimonium,
2606 608 2616 618 ·

337 710 516 771 quam
564 691 708 752 fecit
750 691 988 753 Geetius
1045 689 1255 752 histor.
1303 690 1434 755 crit.
1481 691 1881 772 sophistarum
1924 710 2062 773 pag.
2107 692 2227 755 73:
2292 692 2393 772 „in
2439 711 2516 754 eo

340 799 763 879 (Protagoram
807 799 1070 862 Abderis
1113 807 1311 861 natum
1352 809 1526 874 esse)
1590 800 1970 864 consentiunt
2014 802 2212 862 omnia
2258 802 2519 881 antiqui-

337 908 478 969 tatis
520 908 884 983 testimonia,
926 914 1180 988 excepto
1227 924 1348 984 uno
1394 908 1628 988 Eupoli,
1670 909 1768 987 qui
1811 914 1965 970 teste
2008 909 2283 990 Diogene
2328 910 2517 971 Lacr.

343 1016 429 1077 tio
478 1014 578 1076 IX.
624 1016 726 1077 50.
770 1018 828 1077 in
861 1015 1356 1080 Assentatoribus
1399 1033 1534 1078 eum
1577 1016 1777 1078 Teium
1809 1023 2172 1081 -vocaverah
2236 1019 2316 1079 At
2360 1016 2520 1091 hand

336 1141 613 1203 magnum
662 1124 835 1188 huius
878 1125 1249 1185 auctoritatis
1293 1124 1546 1203 pondus,
1634 1123 1788 1197 Quid
1834 1126 1991 1199 enim
2031 1124 2316 1204 impedit,
2361 1141 2521 1204 quo-

336 1231 539 1293 minus
597 1230 843 1311 Eupolis
903 1231 1082 1294 atium
1149 1232 1535 1312 Protagoram
1578 1232 2054 1312 significaverit,
2094 1233 2192 1293 vel
2258 1232 2372 1293 alia
2438 1231 2515 1299 de

333 1347 519 1399 causa
557 1339 853 1399 erraverit
869 1338 936 1400 ‘2⁴⁶
1021 1339 1166 1401 Nam
1211 1347 1348 1400 sunt
1388 1338 1662 1418 profecto
1689 1354 1862 1426 [quae
1908 1339 2247 1418 impediant.
2310 1340 2515 1413 Quan-

334 1464 511 1527 quam
551 1447 717 1516 cninr
752 1463 874 1507 non
921 1448 1154 1522 nescio,
1196 1431 1373 1508 etiam
1418 1447 1573 1508 aiios
1619 1448 1925 1508 exstitisse
1957 1425 2121 1508 viros
2148 1448 2515 1528 Protagorae

337 1555 582 1614 nomine
605 1560 877 1630 vocatae,
896 1572 1046 1634 quos
1070 1572 1200 1633 cap.
1221 1552 1315 1616 ΙΙΙ.
1343 1556 1652 1615 recensui:
1693 1553 1999 1634 Diogenes
2024 1555 2261 1634 quidem
2290 1555 2515 1618 diserte

339 1662 739 1742 etperspicue
789 1661 1043 1724 eundem
1086 1662 1496 1741 Protagoram,
1538 1680 1714 1742 quem
1757 1663 1936 1742 vulgo
1957 1662 2302 1724 Abderitam
2350 1664 2517 1725 affir-

335 1776 516 1845 ment,
560 1769 634 1830 ab
666 1768 954 1849 Eupoiide
998 1770 1200 1831 Teium
1245 1751 1598 1849 appellatum
1642 1788 1780 1834 esse
1826 1772 2025 1833 tradit.
2115 1771 2319 1851 Neque
2366 1788 2514 1832 vero

341 1878 707 1958 Protagorae
735 1924 752 1954 ‚
807 1879 976 1940 cuius
1024 1896 1245 1940 nomen
1288 1880 1346 1939 in
1394 1880 1651 1940 omnium
1698 1896 1807 1941 ore
1850 1885 2031 1954 esset,
2069 1879 2258 1962 patria
2302 1886 2519 1958 poetae

333 1987 569 2065 aequati
614 1988 814 2064 ignota
865 2004 1006 2048 esse
1050 1992 1322 2066 poterat,
1368 1988 1465 2065 qui
1515 1987 1840 2067 sophistam
1886 1988 1945 2049 in
1995 1986 2190 2048 fabula
2238 1967 2512 2067 agentem
2566 1979 2570 1984 ⁴

333 2095 601 2154 induxit:
672 2100 734 2154 et
768 2094 1176 2164 Athenienses
1219 2100 1594 2173 spectantem,
1656 2096 1864 2175 aequis
1907 2095 2121 2156 animis
2172 2094 2328 2156 ferre
2375 2094 2513 2156 talia

334 2201 708 2281 nequaquam
756 2202 947 2276 soliti,
988 2202 1047 2261 in
1090 2203 1222 2281 ipso
1268 2202 1503 2264 theatro
1551 2201 1688 2263 aitis
1736 2201 1985 2278 vocibus
2032 2217 2298 2263 errorem
2341 2201 2513 2262 istum

332 2316 663 2371 notassent.
754 2309 1000 2389 Propius
1067 2309 1142 2370 ad
1192 2326 1399 2374 verum
1457 2311 1719 2374 accessit
1764 2307 2079 2370 Eduardus
2125 2309 2384 2370 Geistius
2433 2309 2511 2370 de

331 2417 700 2498 Protagorae
747 2416 1051 2497 sophistae
1112 2419 1238 2479 vita
1291 2418 1538 2498 disquis.
1579 2434 1716 2496 pag.
1758 2419 1817 2480 4.
1902 2417 2046 2478 Cum
2105 2417 2263 2478 enim
2320 2416 2510 2496 Cyrus

332 2524 540 2586 Ioniae
583 2525 831 2590 urbibus
873 2526 1085 2588 bellum
1132 2526 1421 2602 inferret,
1462 2526 1640 2587 Teios
1685 2525 1761 2587 ad
1803 2525 2140 2588 evitandum
2182 2525 2510 2604 periculum

330 2634 391 2693 in
429 2631 743 2694 Thraciam
789 2633 1094 2714 profectos
1140 2633 1391 2698 Abdera·
1437 2634 1783 2697 condidisse
1845 2634 2097 2707 (Herod.
2140 2633 2243 2695 lib.
2287 2631 2328 2695 1.
2376 2650 2509 2714 cap.

337 2739 475 2817 168,
560 2740 753 2806 Strab.
796 2740 895 2803 lib.
938 2740 1089 2802 xlv,
1135 2759 1271 2822 pag.
1312 2739 1512 2816 6440).
1598 2741 1750 2803 Nihil
1802 2742 1981 2823 igitur
2039 2742 2249 2803 mirum
2294 2740 2509 2819 videri,

327 2850 489 2928 quod
533 2857 713 2929 poeta
755 2849 1140 2931 Protagoram
1187 2868 1261 2912 ea
1307 2850 1465 2913 urbe¹
1488 2849 1814 2914 oriundum
1860 2850 2049 2926 dicat,
2092 2850 2253 2911 unde
2294 2832 2508 2912 Abda-

326 2974 530 3020 rorum
603 2957 806 3019 coloni
884 2960 1139 3038 profecti
1218 2959 1453 3020 suerint.
1584 2960 1845 3020 tonicam
1926 2958 2291 3042 Protagorae
2368 2955 2504 3018 ori-

328 3067 531 3146 ginem
596 3067 775 3128 etiam
843 3083 921 3130 eo
986 3066 1279 3146 probari,
1346 3066 1544 3145 quod,
1613 3072 1676 3127 ut
1741 3066 2121 3154 Democritus
2181 3063 2506 3145 popularis,

331 3172 535 3234 ionica
581 3174 838 3236 dialecto
882 3175 1211 3254 scripserit.
1298 3174 1373 3236 Et
1417 3175 1677 3235 fortasse
1719 3174 1797 3235 ob
1843 3173 1902 3238 id
1932 3174 2141 3252 ipsum,
2182 3172 2342 3253 quod
2367 3174 2499 3251 pri-

328 3284 523 3345 stinae
563 3284 790 3360 patriae
832 3284 1286 3346 memorlonica
1331 3282 1590 3343 dialecto
1625 3299 1768 3343 usus
1803 3289 1984 3357 esset,
2025 3281 2230 3364 Teium
2255 3299 2387 3342 eum
2420 3280 2495 3339 ab

324 3371 614 3467 Eupolide
640 3408 779 3454 esse
823 3391 1192 3470 appellatum.
1216 3427 1294 3440 -
1321 3397 1513 3471 Atque
1553 3409 1631 3453 ex
1669 3389 1784 3451 hac
1827 3390 2067 3471 quidem
2110 3405 2264 3469 quae
2281 3387 2497 3450 Abde-

323 3498 451 3560 ritis
517 3505 647 3559 erat
707 3517 836 3561 cum
879 3499 1038 3560 Teiis
1102 3499 1546 3562 necessitudine
1608 3498 2020 3579 explicandum
2066 3515 2204 3558 esse
2253 3501 2499 3575 apparet

323 3623 560 3667 versun·
630 3606 939 3686 Eupolidis
963 3628 982 3684 3
1053 3625 1228 3686 quarn
1295 3625 1442 3670 vero
1504 3625 1744 3668 causam
1813 3608 2022 3667 sumsit
2092 3605 2353 3665 Geistius
2418 3621 2498 3664 ex
2527 3602 2542 3614 “

318 3729 598 3776 sermone
634 3713 862 3792 lonico,
900 3716 1088 3795 quiin
1118 3716 1483 3796 Protagorae
1511 3716 1752 3795 ‚scriptis
1796 3712 2041 3789 obtinet,
2086 3727 2209 3773 non
2252 3728 2495 3791 possum

319 3825 459 3899 quin
505 3822 681 3884 valde
723 3825 925 3885 mirer.
1009 3823 1189 3885 Teios
1233 3825 1387 3885 enim
1431 3823 1661 3897 Ionica,
1707 3820 2029 3883 Abderitas
2071 3838 2217 3882 vero
2262 3820 2495 3882 iliorum

321 3930 573 3991 coionos
616 3932 731 3991 alia
781 3931 1034 4010 quadam
1079 3950 1222 4006 usos
1267 3949 1406 3993 esse
1452 3932 1710 3993 dialecto
1754 3935 1962 4008 putare
2004 3930 2240 3991 videtur
2266 3974 2284 4003 ‚
2355 3946 2489 3989 cum

313 4036 739 4117 Protagoram,
804 4039 1220 4102 Abderitarum
1249 4042 1629 4121 praeterita,
1700 4038 1975 4099 Teiorum
2022 4038 2224 4117 lingua
2287 4035 2493 4098 Ionica

308 4145 496 4209 libros
538 4164 683 4210 suos
709 4148 1051 4224 confecisse
1077 4149 1252 4210 dicat.
1298 4147 1416 4211 Sed
1434 4146 1851 4210 Abderitarum
1880 4149 2138 4207 omnium
2164 4161 2363 4207 sermo
2387 4147 2492 4209 vix

312 4262 439 4317 erat
487 4256 653 4318 alius·
701 4263 876 4336 atque
918 4257 1226 4319 Teiorum:
1297 4275 1433 4320 nam
1500 4255 1701 4319 coloni
1746 4256 2033 4336 pristinae
2062 4240 2065 4243 ⁴
2093 4255 2319 4334 patriae
2366 4254 2488 4313 lin-

310 4379 490 4443 guam
537 4364 877 4427 servabant.
963 4364 1036 4429 Ut
1081 4365 1471 4447 praeterirent
1510 4367 1697 4448 igitur
1718 4364 2136 4427 Abderitarum
2171 4360 2491 4423 dialectum
