<?xml version="1.0" encoding="UTF-8"?>
<!DOCTYPE html PUBLIC "-//W3C//DTD XHTML 1.0 Transitional//EN"
    "http://www.w3.org/TR/xhtml1/DTD/xhtml1-transitional.dtd">
<html xmlns="http://www.w3.org/1999/xhtml" xml:lang="en" lang="en">
 <head>
  <title>
</title>
<meta http-equiv="Content-Type" content="text/html;charset=utf-8" />
  <meta name='ocr-system' content='tesseract 3.04.00' />
  <meta name='ocr-capabilities' content='ocr_page ocr_carea ocr_par ocr_line ocrx_word'/>
</head>
<body>
  <div class='ocr_page' id='page_1' title='image "./quaestionesprot00freigoog_0079.png"; bbox 0 0 2975 4959; ppageno 0'>
   <div class='ocr_carea' id='block_1_1' title="bbox 1209 296 1692 369">
    <p class='ocr_par' dir='ltr' id='par_1_1' title="bbox 1209 296 1692 369">
     <span class='ocr_line' id='line_1_1' title="bbox 1209 296 1692 369; baseline 0.002 -23"><span class='ocrx_word' id='word_1_1' title='bbox 1209 296 1692 369; x_wconf 56' lang='lat'>...67-</span> 
     </span>
    </p>
   </div>
   <div class='ocr_carea' id='block_1_2' title="bbox 369 481 2606 1426">
    <p class='ocr_par' dir='ltr' id='par_1_2' title="bbox 369 481 2606 1426">
     <span class='ocr_line' id='line_1_2' title="bbox 372 481 2537 565; baseline 0.001 -20"><span class='ocrx_word' id='word_1_2' title='bbox 372 481 659 563; x_wconf 89' lang='lat' dir='ltr'>est·apud</span> <span class='ocrx_word' id='word_1_3' title='bbox 705 482 849 544; x_wconf 89' lang='lat' dir='ltr'>Plut.</span> <span class='ocrx_word' id='word_1_4' title='bbox 902 482 1139 545; x_wconf 90' lang='lat' dir='ltr'>Consol.</span> <span class='ocrx_word' id='word_1_5' title='bbox 1190 483 1264 544; x_wconf 91' lang='lat' dir='ltr'>ad</span> <span class='ocrx_word' id='word_1_6' title='bbox 1306 484 1499 564; x_wconf 83' lang='lat' dir='ltr'><strong>Apoll.</strong></span> <span class='ocrx_word' id='word_1_7' title='bbox 1559 501 1684 563; x_wconf 86' lang='lat' dir='ltr'>cap.</span> <span class='ocrx_word' id='word_1_8' title='bbox 1730 482 2010 560; x_wconf 81' lang='lat' dir='ltr'>XXXIII,</span> <span class='ocrx_word' id='word_1_9' title='bbox 2063 485 2121 544; x_wconf 90' lang='lat' dir='ltr'>in</span> <span class='ocrx_word' id='word_1_10' title='bbox 2166 501 2283 565; x_wconf 87' lang='lat' dir='ltr'>quo</span> <span class='ocrx_word' id='word_1_11' title='bbox 2327 485 2537 546; x_wconf 84' lang='lat' dir='ltr'>Prota-</span> 
     </span>
     <span class='ocr_line' id='line_1_3' title="bbox 369 587 2536 673; baseline 0 -20"><span class='ocrx_word' id='word_1_12' title='bbox 369 609 555 673; x_wconf 90' lang='lat' dir='ltr'>goras</span> <span class='ocrx_word' id='word_1_13' title='bbox 599 587 841 652; x_wconf 77' lang='lat' dir='ltr'>PerIclis</span> <span class='ocrx_word' id='word_1_14' title='bbox 885 592 943 651; x_wconf 90' lang='lat' dir='ltr'>in</span> <span class='ocrx_word' id='word_1_15' title='bbox 988 592 1358 670; x_wconf 76' lang='lat' dir='ltr'>gravISSImis</span> <span class='ocrx_word' id='word_1_16' title='bbox 1421 610 1618 653; x_wconf 87' lang='lat' dir='ltr'>rerum</span> <span class='ocrx_word' id='word_1_17' title='bbox 1664 591 2045 652; x_wconf 86' lang='lat' dir='ltr'>adversarum</span> <span class='ocrx_word' id='word_1_18' title='bbox 2090 596 2536 671; x_wconf 71' lang='lat' dir='ltr'>tempestatibus</span> 
     </span>
     <span class='ocr_line' id='line_1_4' title="bbox 372 699 2537 779; baseline 0 -19"><span class='ocrx_word' id='word_1_19' title='bbox 372 699 764 762; x_wconf 81' lang='lat' dir='ltr'>constantiam</span> <span class='ocrx_word' id='word_1_20' title='bbox 812 704 985 779; x_wconf 87' lang='lat' dir='ltr'>atque</span> <span class='ocrx_word' id='word_1_21' title='bbox 1030 700 1573 779; x_wconf 69' lang='lat' dir='ltr'>magnanimitatem</span> <span class='ocrx_word' id='word_1_22' title='bbox 1615 700 1693 761; x_wconf 90' lang='lat' dir='ltr'>ita</span> <span class='ocrx_word' id='word_1_23' title='bbox 1737 700 2052 779; x_wconf 77' lang='lat' dir='ltr'>expressit,</span> <span class='ocrx_word' id='word_1_24' title='bbox 2094 706 2159 761; x_wconf 89' lang='lat' dir='ltr'>ut</span> <span class='ocrx_word' id='word_1_25' title='bbox 2197 701 2384 779; x_wconf 89' lang='lat' dir='ltr'>ipsum</span> <span class='ocrx_word' id='word_1_26' title='bbox 2433 718 2537 761; x_wconf 85' lang='lat' dir='ltr'>ar-</span> 
     </span>
     <span class='ocr_line' id='line_1_5' title="bbox 369 805 2540 888; baseline 0 -19"><span class='ocrx_word' id='word_1_27' title='bbox 369 808 580 869; x_wconf 82' lang='lat' dir='ltr'>bitrum</span> <span class='ocrx_word' id='word_1_28' title='bbox 650 805 990 867; x_wconf 79' lang='lat' dir='ltr'>interfuisse</span> <span class='ocrx_word' id='word_1_29' title='bbox 1049 809 1196 869; x_wconf 89' lang='lat' dir='ltr'>satis</span> <span class='ocrx_word' id='word_1_30' title='bbox 1265 813 1602 888; x_wconf 84' lang='lat' dir='ltr'>appareat.“</span> <span class='ocrx_word' id='word_1_31' title='bbox 1688 808 1806 869; x_wconf 86' lang='lat' dir='ltr'>Sed</span> <span class='ocrx_word' id='word_1_32' title='bbox 1873 825 1951 869; x_wconf 89' lang='lat' dir='ltr'>ex</span> <span class='ocrx_word' id='word_1_33' title='bbox 1996 808 2282 869; x_wconf 81' lang='lat' dir='ltr'>Plutarchi</span> <span class='ocrx_word' id='word_1_34' title='bbox 2342 810 2540 871; x_wconf 86' lang='lat' dir='ltr'>verbis</span> 
     </span>
     <span class='ocr_line' id='line_1_6' title="bbox 369 900 2606 997; baseline 0.001 -22"><span class='ocrx_word' id='word_1_35' title='bbox 369 914 633 992; x_wconf 75' lang='lat' dir='ltr'>(tom.ll.</span> <span class='ocrx_word' id='word_1_36' title='bbox 680 931 815 993; x_wconf 83' lang='lat' dir='ltr'>pag.</span> <span class='ocrx_word' id='word_1_37' title='bbox 847 914 983 975; x_wconf 83' lang='lat'><strong>118.</strong></span> <span class='ocrx_word' id='word_1_38' title='bbox 1030 915 1150 991; x_wconf 70' lang='lat' dir='ltr'>DJ:</span> <span class='ocrx_word' id='word_1_39' title='bbox 1195 915 1518 993; x_wconf 77' lang='grc' dir='ltr'><strong><em>Περικλέα</em></strong></span> <span class='ocrx_word' id='word_1_40' title='bbox 1566 914 1635 975; x_wconf 74' lang='grc' dir='ltr'>δὲ</span> <span class='ocrx_word' id='word_1_41' title='bbox 1676 910 1786 976; x_wconf 78' lang='grc' dir='ltr'>τὸν</span> <span class='ocrx_word' id='word_1_42' title='bbox 1826 917 1936 975; x_wconf 82' lang='grc' dir='ltr'><em>καί</em></span> <span class='ocrx_word' id='word_1_43' title='bbox 1968 900 2307 994; x_wconf 78' lang='grc' dir='ltr'><em>Ὀλύμπιον</em></span> <span class='ocrx_word' id='word_1_44' title='bbox 2349 940 2540 997; x_wconf 75' lang='grc' dir='ltr'><em>προσ-</em></span> <span class='ocrx_word' id='word_1_45' title='bbox 2601 947 2606 950; x_wconf 65' lang='grc'><strong>’</strong></span> 
     </span>
     <span class='ocr_line' id='line_1_7' title="bbox 372 1002 2539 1103; baseline -0.002 -21"><span class='ocrx_word' id='word_1_46' title='bbox 372 1024 792 1101; x_wconf 83' lang='grc' dir='ltr'><em>αγορευθέντα</em></span> <span class='ocrx_word' id='word_1_47' title='bbox 842 1018 949 1081; x_wconf 77' lang='grc' dir='ltr'>διὰ</span> <span class='ocrx_word' id='word_1_48' title='bbox 993 1018 1106 1101; x_wconf 70' lang='grc' dir='ltr'>τήν</span> <span class='ocrx_word' id='word_1_49' title='bbox 1157 1025 1302 1099; x_wconf 85' lang='grc' dir='ltr'><em>περί</em></span> <span class='ocrx_word' id='word_1_50' title='bbox 1345 1018 1445 1082; x_wconf 83' lang='grc' dir='ltr'>τὸν</span> <span class='ocrx_word' id='word_1_51' title='bbox 1502 1021 1683 1101; x_wconf 83' lang='grc' dir='ltr'><em>λόγον</em></span> <span class='ocrx_word' id='word_1_52' title='bbox 1738 1022 1846 1082; x_wconf 84' lang='grc' dir='ltr'>καί</span> <span class='ocrx_word' id='word_1_53' title='bbox 1899 1018 2013 1103; x_wconf 84' lang='grc' dir='ltr'>τήν</span> <span class='ocrx_word' id='word_1_54' title='bbox 2057 1002 2308 1084; x_wconf 76' lang='grc' dir='ltr'><em>σύνεσιν</em></span> <span class='ocrx_word' id='word_1_55' title='bbox 2351 1023 2539 1103; x_wconf 73' lang='grc' dir='ltr'><em>ὕπερ-</em></span> 
     </span>
     <span class='ocr_line' id='line_1_8' title="bbox 371 1117 2543 1211; baseline 0 -22"><span class='ocrx_word' id='word_1_56' title='bbox 371 1130 756 1210; x_wconf 77' lang='grc' dir='ltr'>βεβλημένην</span> <span class='ocrx_word' id='word_1_57' title='bbox 800 1127 1089 1207; x_wconf 65' lang='grc' dir='ltr'><em>δύναμιν,</em></span> <span class='ocrx_word' id='word_1_58' title='bbox 1130 1130 1486 1205; x_wconf 84' lang='grc' dir='ltr'><em>πυθόμενον</em></span> <span class='ocrx_word' id='word_1_59' title='bbox 1530 1129 1931 1211; x_wconf 81' lang='grc' dir='ltr'><em>οἷμφοτέρους</em></span> <span class='ocrx_word' id='word_1_60' title='bbox 1960 1128 2150 1191; x_wconf 81' lang='grc' dir='ltr'><em>αὖτοῦ</em></span> <span class='ocrx_word' id='word_1_61' title='bbox 2190 1117 2333 1201; x_wconf 77' lang='grc' dir='ltr'>τούς</span> <span class='ocrx_word' id='word_1_62' title='bbox 2363 1127 2543 1202; x_wconf 73' lang='grc' dir='ltr'>υὶοῦς</span> 
     </span>
     <span class='ocr_line' id='line_1_9' title="bbox 373 1231 2545 1320; baseline 0.002 -25"><span class='ocrx_word' id='word_1_63' title='bbox 373 1237 829 1318; x_wconf 70' lang='grc' dir='ltr'><em>μετηλλαχέναι</em></span> <span class='ocrx_word' id='word_1_64' title='bbox 874 1238 988 1295; x_wconf 78' lang='grc' dir='ltr'>τοῦ</span> <span class='ocrx_word' id='word_1_65' title='bbox 1031 1238 1174 1316; x_wconf 85' lang='grc' dir='ltr'><em>βιόυ</em></span> <span class='ocrx_word' id='word_1_66' title='bbox 1221 1232 1525 1315; x_wconf 78' lang='grc' dir='ltr'><em>Πάραλόν</em></span> <span class='ocrx_word' id='word_1_67' title='bbox 1566 1259 1629 1298; x_wconf 88' lang='grc' dir='ltr'><em>τε</em></span> <span class='ocrx_word' id='word_1_68' title='bbox 1676 1239 1783 1298; x_wconf 82' lang='grc' dir='ltr'>καί</span> <span class='ocrx_word' id='word_1_69' title='bbox 1824 1232 2212 1317; x_wconf 78' lang='grc' dir='ltr'><em>Ξάνθιππον,</em></span> <span class='ocrx_word' id='word_1_70' title='bbox 2256 1231 2339 1309; x_wconf 76' lang='grc' dir='ltr'>ὥς</span> <span class='ocrx_word' id='word_1_71' title='bbox 2387 1261 2545 1320; x_wconf 90' lang='grc' dir='ltr'><em>φησι</em></span> 
     </span>
     <span class='ocr_line' id='line_1_10' title="bbox 377 1336 2543 1426; baseline 0 -21"><span class='ocrx_word' id='word_1_72' title='bbox 377 1342 828 1423; x_wconf 71' lang='grc' dir='ltr'><strong><em>Πρωταγόρας·</em></strong></span> <span class='ocrx_word' id='word_1_73' title='bbox 869 1343 1063 1405; x_wconf 76' lang='grc' dir='ltr'><em>εἰπών</em></span> <span class='ocrx_word' id='word_1_74' title='bbox 1110 1337 1340 1417; x_wconf 73' lang='grc' dir='ltr'><em>οὕτως·</em></span> <span class='ocrx_word' id='word_1_75' title='bbox 1425 1347 1606 1424; x_wconf 64' lang='grc' dir='ltr'><em>»Τῶν</em></span> <span class='ocrx_word' id='word_1_76' title='bbox 1649 1342 1769 1425; x_wconf 70' lang='grc' dir='ltr'>γάρ</span> <span class='ocrx_word' id='word_1_77' title='bbox 1815 1341 2005 1406; x_wconf 80' lang='grc' dir='ltr'><em>υἱέων</em></span> <span class='ocrx_word' id='word_1_78' title='bbox 2052 1348 2307 1426; x_wconf 79' lang='grc' dir='ltr'><em>νεηνιῶν</em></span> <span class='ocrx_word' id='word_1_79' title='bbox 2350 1336 2543 1406; x_wconf 74' lang='grc' dir='ltr'><em>ὄντων</em></span> 
     </span>
    </p>
   </div>
   <div class='ocr_carea' id='block_1_3' title="bbox 371 1446 2658 1537">
    <p class='ocr_par' dir='ltr' id='par_1_3' title="bbox 371 1446 2658 1537">
     <span class='ocr_line' id='line_1_11' title="bbox 371 1446 2658 1537; baseline 0 -25"><span class='ocrx_word' id='word_1_80' title='bbox 371 1452 479 1512; x_wconf 86' lang='grc' dir='ltr'><em>καί</em></span> <span class='ocrx_word' id='word_1_81' title='bbox 535 1454 774 1527; x_wconf 76' lang='grc' dir='ltr'><em>καλῶν,</em></span> <span class='ocrx_word' id='word_1_82' title='bbox 836 1446 903 1511; x_wconf 88' lang='grc' dir='ltr'>έν</span> <span class='ocrx_word' id='word_1_83' title='bbox 963 1447 1122 1511; x_wconf 80' lang='grc' dir='ltr'>ὄκτώ</span> <span class='ocrx_word' id='word_1_84' title='bbox 1168 1453 1237 1512; x_wconf 77' lang='grc' dir='ltr'>δὲ</span> <span class='ocrx_word' id='word_1_85' title='bbox 1278 1459 1417 1524; x_wconf 80' lang='grc' dir='ltr'><em>ταῖς</em></span> <span class='ocrx_word' id='word_1_86' title='bbox 1459 1450 1693 1536; x_wconf 76' lang='grc' dir='ltr'><em>πάσῃσι</em></span> <span class='ocrx_word' id='word_1_87' title='bbox 1749 1451 2014 1537; x_wconf 65' lang='grc' dir='ltr'><em>ἡμέρῃσι</em></span> <span class='ocrx_word' id='word_1_88' title='bbox 2076 1452 2546 1529; x_wconf 67' lang='grc' dir='ltr'>ἀποθανόντων,</span> <span class='ocrx_word' id='word_1_89' title='bbox 2642 1482 2658 1494; x_wconf 57' lang='grc'><strong>«</strong></span> 
     </span>
    </p>
   </div>
   <div class='ocr_carea' id='block_1_4' title="bbox 303 1551 2546 4446">
    <p class='ocr_par' dir='ltr' id='par_1_4' title="bbox 303 1551 2546 4446">
     <span class='ocr_line' id='line_1_12' title="bbox 368 1551 2544 1641; baseline -0.001 -20"><span class='ocrx_word' id='word_1_90' title='bbox 368 1560 722 1640; x_wconf 77' lang='grc' dir='ltr'><em>νηπενθέως</em></span> <span class='ocrx_word' id='word_1_91' title='bbox 775 1556 1038 1640; x_wconf 79' lang='grc' dir='ltr'><em>ἀνέτλη·</em></span> <span class='ocrx_word' id='word_1_92' title='bbox 1123 1556 1339 1640; x_wconf 67' lang='grc' dir='ltr'><em>εὔδιἠς</em></span> <span class='ocrx_word' id='word_1_93' title='bbox 1391 1558 1508 1641; x_wconf 78' lang='grc' dir='ltr'>γὰρ</span> <span class='ocrx_word' id='word_1_94' title='bbox 1574 1555 1771 1638; x_wconf 75' lang='grc' dir='ltr'><em>εἴχετο</em></span> <span class='ocrx_word' id='word_1_95' title='bbox 1822 1560 1887 1634; x_wconf 78' lang='grc' dir='ltr'>ἐξ</span> <span class='ocrx_word' id='word_1_96' title='bbox 1931 1551 2002 1639; x_wconf 80' lang='grc' dir='ltr'>ἧς</span> <span class='ocrx_word' id='word_1_97' title='bbox 2057 1556 2283 1620; x_wconf 81' lang='grc' dir='ltr'><em>πολλὸν</em></span> <span class='ocrx_word' id='word_1_98' title='bbox 2340 1551 2544 1641; x_wconf 75' lang='grc' dir='ltr'><em>ὤνητο</em></span> 
     </span>
     <span class='ocr_line' id='line_1_13' title="bbox 303 1650 2546 1749; baseline 0.001 -22"><span class='ocrx_word' id='word_1_99' title='bbox 303 1650 306 1655; x_wconf 40' lang='grc'><strong>’</strong></span> <span class='ocrx_word' id='word_1_100' title='bbox 371 1663 524 1728; x_wconf 77' lang='grc' dir='ltr'><em>κατὰ</em></span> <span class='ocrx_word' id='word_1_101' title='bbox 570 1668 781 1728; x_wconf 69' lang='grc' dir='ltr'><em>πᾶσαν</em></span> <span class='ocrx_word' id='word_1_102' title='bbox 828 1666 1066 1748; x_wconf 80' lang='grc' dir='ltr'><em>ἡμέρην</em></span> <span class='ocrx_word' id='word_1_103' title='bbox 1114 1666 1205 1737; x_wconf 83' lang='grc' dir='ltr'>εἷς</span> <span class='ocrx_word' id='word_1_104' title='bbox 1247 1667 1593 1747; x_wconf 79' lang='grc' dir='ltr'><em>ειῖποτμιήν</em></span> <span class='ocrx_word' id='word_1_105' title='bbox 1639 1668 1747 1728; x_wconf 83' lang='grc' dir='ltr'>καί</span> <span class='ocrx_word' id='word_1_106' title='bbox 1790 1659 2137 1749; x_wconf 74' lang='grc' dir='ltr'><em>ἇνωδυνιήν</em></span> <span class='ocrx_word' id='word_1_107' title='bbox 2184 1664 2293 1728; x_wconf 82' lang='grc' dir='ltr'>καί</span> <span class='ocrx_word' id='word_1_108' title='bbox 2329 1663 2439 1747; x_wconf 70' lang='grc' dir='ltr'>τήν</span> <span class='ocrx_word' id='word_1_109' title='bbox 2478 1662 2546 1729; x_wconf 75' lang='grc' dir='ltr'><em>ἐν</em></span> 
     </span>
     <span class='ocr_line' id='line_1_14' title="bbox 371 1768 2544 1855; baseline 0 -19"><span class='ocrx_word' id='word_1_110' title='bbox 371 1779 503 1847; x_wconf 77' lang='grc' dir='ltr'><em>τοῖς</em></span> <span class='ocrx_word' id='word_1_111' title='bbox 539 1777 787 1847; x_wconf 76' lang='grc' dir='ltr'><em>πολλοῖς</em></span> <span class='ocrx_word' id='word_1_112' title='bbox 818 1771 1026 1849; x_wconf 75' lang='grc' dir='ltr'><em>δόξαν·</em></span> <span class='ocrx_word' id='word_1_113' title='bbox 1086 1773 1204 1846; x_wconf 82' lang='grc' dir='ltr'>πᾶς</span> <span class='ocrx_word' id='word_1_114' title='bbox 1244 1771 1363 1855; x_wconf 78' lang='grc' dir='ltr'>γάρ</span> <span class='ocrx_word' id='word_1_115' title='bbox 1406 1777 1501 1848; x_wconf 79' lang='grc' dir='ltr'><em>τίς</em></span> <span class='ocrx_word' id='word_1_116' title='bbox 1544 1797 1656 1853; x_wconf 91' lang='grc' dir='ltr'>μιν</span> <span class='ocrx_word' id='word_1_117' title='bbox 1699 1772 1866 1855; x_wconf 75' lang='grc' dir='ltr'><em>ὁρῶν</em></span> <span class='ocrx_word' id='word_1_118' title='bbox 1903 1770 1978 1835; x_wconf 79' lang='grc' dir='ltr'><em>τὰ</em></span> <span class='ocrx_word' id='word_1_119' title='bbox 2021 1768 2265 1835; x_wconf 71' lang='grc' dir='ltr'><em>ἑωυτοῦ</em></span> <span class='ocrx_word' id='word_1_120' title='bbox 2307 1778 2544 1837; x_wconf 84' lang='grc' dir='ltr'><em>πένθεα</em></span> 
     </span>
     <span class='ocr_line' id='line_1_15' title="bbox 372 1873 2545 1965; baseline 0 -22"><span class='ocrx_word' id='word_1_121' title='bbox 372 1880 744 1961; x_wconf 71' lang='grc' dir='ltr'><em>ἐρρωμένως</em></span> <span class='ocrx_word' id='word_1_122' title='bbox 786 1884 1054 1964; x_wconf 88' lang='grc' dir='ltr'><em>φέροντα</em></span> <span class='ocrx_word' id='word_1_123' title='bbox 1089 1878 1537 1965; x_wconf 77' lang='grc' dir='ltr'><em>μεγαλόφρονά</em></span> <span class='ocrx_word' id='word_1_124' title='bbox 1583 1903 1653 1943; x_wconf 87' lang='grc' dir='ltr'><em>τε</em></span> <span class='ocrx_word' id='word_1_125' title='bbox 1693 1881 1802 1943; x_wconf 76' lang='grc' dir='ltr'>καὶ</span> <span class='ocrx_word' id='word_1_126' title='bbox 1838 1881 2122 1958; x_wconf 72' lang='grc' dir='ltr'><em>ἅνδρεῖον</em></span> <span class='ocrx_word' id='word_1_127' title='bbox 2148 1876 2349 1943; x_wconf 76' lang='grc' dir='ltr'><em>ἐδόκει</em></span> <span class='ocrx_word' id='word_1_128' title='bbox 2382 1873 2545 1943; x_wconf 75' lang='grc' dir='ltr'><em>εἶναι</em></span> 
     </span>
     <span class='ocr_line' id='line_1_16' title="bbox 370 1979 2544 2067; baseline 0 -19"><span class='ocrx_word' id='word_1_129' title='bbox 370 1988 481 2048; x_wconf 83' lang='grc' dir='ltr'><em>καί</em></span> <span class='ocrx_word' id='word_1_130' title='bbox 539 1979 776 2049; x_wconf 68' lang='grc' dir='ltr'><em>ἑωυτοῦ</em></span> <span class='ocrx_word' id='word_1_131' title='bbox 821 1988 1131 2065; x_wconf 78' lang='grc' dir='ltr'>κρείσσω,</span> <span class='ocrx_word' id='word_1_132' title='bbox 1199 1982 1396 2066; x_wconf 84' lang='grc' dir='ltr'><em>κάρτα</em></span> <span class='ocrx_word' id='word_1_133' title='bbox 1454 1984 1639 2061; x_wconf 79' lang='grc' dir='ltr'><em>εἰδώς</em></span> <span class='ocrx_word' id='word_1_134' title='bbox 1696 1983 1813 2067; x_wconf 76' lang='grc' dir='ltr'>την</span> <span class='ocrx_word' id='word_1_135' title='bbox 1867 1982 2099 2047; x_wconf 71' lang='grc' dir='ltr'><em>ἑαυτοῦ</em></span> <span class='ocrx_word' id='word_1_136' title='bbox 2146 1987 2211 2047; x_wconf 82' lang='grc' dir='ltr'>ἐν</span> <span class='ocrx_word' id='word_1_137' title='bbox 2270 1989 2544 2048; x_wconf 74' lang='grc' dir='ltr'><em>τοιοῖσδε</em></span> 
     </span>
     <span class='ocr_line' id='line_1_17' title="bbox 371 2086 2545 2177; baseline -0 -21"><span class='ocrx_word' id='word_1_138' title='bbox 371 2092 694 2177; x_wconf 80' lang='grc' dir='ltr'><em>πράγμασι</em></span> <span class='ocrx_word' id='word_1_139' title='bbox 737 2086 1479 2177; x_wconf 72' lang='grc' dir='ltr'><em>οἷμηχανιήν.“-τοῦτον</em></span> <span class='ocrx_word' id='word_1_140' title='bbox 1517 2091 1639 2175; x_wconf 75' lang='grc' dir='ltr'>γάρ</span> <span class='ocrx_word' id='word_1_141' title='bbox 1680 2092 1877 2167; x_wconf 75' lang='grc' dir='ltr'><em>εὕθὺς</em></span> <span class='ocrx_word' id='word_1_142' title='bbox 1916 2092 2067 2174; x_wconf 74' lang='grc' dir='ltr'><em>μετὰ</em></span> <span class='ocrx_word' id='word_1_143' title='bbox 2115 2092 2225 2174; x_wconf 70' lang='grc' dir='ltr'>την</span> <span class='ocrx_word' id='word_1_144' title='bbox 2268 2118 2545 2175; x_wconf 80' lang='grc' dir='ltr'><em>προσαγ-</em></span> 
     </span>
     <span class='ocr_line' id='line_1_18' title="bbox 370 2191 2542 2285; baseline -0 -23"><span class='ocrx_word' id='word_1_145' title='bbox 370 2198 587 2283; x_wconf 76' lang='grc' dir='ltr'><em>γελίαν</em></span> <span class='ocrx_word' id='word_1_146' title='bbox 656 2203 1032 2285; x_wconf 69' lang='grc' dir='ltr'><em>ἀμφοτέρων</em></span> <span class='ocrx_word' id='word_1_147' title='bbox 1093 2204 1214 2265; x_wconf 70' lang='grc' dir='ltr'>τῶν</span> <span class='ocrx_word' id='word_1_148' title='bbox 1275 2198 1463 2264; x_wconf 82' lang='grc' dir='ltr'><em>υἱέων</em></span> <span class='ocrx_word' id='word_1_149' title='bbox 1530 2201 1723 2264; x_wconf 80' lang='grc' dir='ltr'><em>ου’θὲν</em></span> <span class='ocrx_word' id='word_1_150' title='bbox 1783 2191 1959 2283; x_wconf 74' lang='grc' dir='ltr'><em>ἦττον</em></span> <span class='ocrx_word' id='word_1_151' title='bbox 2024 2202 2542 2284; x_wconf 77' lang='grc' dir='ltr'><em>ἐστεφανωμένον</em></span> 
     </span>
     <span class='ocr_line' id='line_1_19' title="bbox 372 2305 2541 2391; baseline -0.001 -20"><span class='ocrx_word' id='word_1_152' title='bbox 372 2305 529 2371; x_wconf 72' lang='grc' dir='ltr'><em>κατὰ</em></span> <span class='ocrx_word' id='word_1_153' title='bbox 575 2308 641 2371; x_wconf 87' lang='grc' dir='ltr'>τὸ</span> <span class='ocrx_word' id='word_1_154' title='bbox 692 2306 951 2389; x_wconf 80' lang='grc' dir='ltr'><em>πάτριον</em></span> <span class='ocrx_word' id='word_1_155' title='bbox 991 2307 1138 2383; x_wconf 78' lang='grc' dir='ltr'><em>ἔθος</em></span> <span class='ocrx_word' id='word_1_156' title='bbox 1181 2310 1284 2371; x_wconf 84' lang='grc' dir='ltr'><strong><em>καί</em></strong></span> <span class='ocrx_word' id='word_1_157' title='bbox 1326 2311 1852 2389; x_wconf 76' lang='grc' dir='ltr'><em>λευχειμονοῦντα</em></span> <span class='ocrx_word' id='word_1_158' title='bbox 1896 2310 2268 2391; x_wconf 68' lang='grc' dir='ltr'><em>δημηγορεῖν</em></span> <span class='ocrx_word' id='word_1_159' title='bbox 2306 2307 2541 2385; x_wconf 74' lang='grc' dir='ltr'><em>βουλάς</em></span> 
     </span>
     <span class='ocr_line' id='line_1_20' title="bbox 371 2412 2540 2499; baseline -0.001 -21"><span class='ocrx_word' id='word_1_160' title='bbox 371 2438 440 2478; x_wconf 86' lang='grc' dir='ltr'><em>τε</em></span> <span class='ocrx_word' id='word_1_161' title='bbox 509 2412 851 2498; x_wconf 79' lang='grc' dir='ltr'><em>έξοὶρχοντα</em></span> <span class='ocrx_word' id='word_1_162' title='bbox 899 2414 1148 2499; x_wconf 76' lang='grc' dir='ltr'><em>α’γαθὰς</em></span> <span class='ocrx_word' id='word_1_163' title='bbox 1216 2414 1375 2495; x_wconf 88' lang='grc' dir='ltr'><em>πρός</em></span> <span class='ocrx_word' id='word_1_164' title='bbox 1416 2440 1484 2478; x_wconf 88' lang='grc' dir='ltr'><em>τε</em></span> <span class='ocrx_word' id='word_1_165' title='bbox 1526 2413 1638 2479; x_wconf 85' lang='grc' dir='ltr'>τόν</span> <span class='ocrx_word' id='word_1_166' title='bbox 1677 2414 1963 2494; x_wconf 51' lang='grc' dir='ltr'><em>’πὸλεμον</em></span> <span class='ocrx_word' id='word_1_167' title='bbox 2016 2416 2540 2497; x_wconf 73' lang='grc' dir='ltr'><em>ἐπιπαρορμῶντα</em></span> 
     </span>
     <span class='ocr_line' id='line_1_21' title="bbox 369 2517 2540 2607; baseline -0.001 -22"><span class='ocrx_word' id='word_1_168' title='bbox 369 2520 520 2597; x_wconf 83' lang='grc' dir='ltr'>τούς</span> <span class='ocrx_word' id='word_1_169' title='bbox 567 2517 969 2604; x_wconf 72' lang='grc' dir='ltr'><em>Ἀθηναίους.</em></span> <span class='ocrx_word' id='word_1_170' title='bbox 1013 2562 1089 2573; x_wconf 90' lang='grc'><strong>-</strong></span> <span class='ocrx_word' id='word_1_171' title='bbox 1159 2526 1252 2588; x_wconf 92' lang='lat' dir='ltr'>his</span> <span class='ocrx_word' id='word_1_172' title='bbox 1311 2527 1491 2607; x_wconf 89' lang='lat' dir='ltr'>igitur</span> <span class='ocrx_word' id='word_1_173' title='bbox 1547 2543 1625 2586; x_wconf 86' lang='lat' dir='ltr'>ex</span> <span class='ocrx_word' id='word_1_174' title='bbox 1688 2518 1891 2586; x_wconf 83' lang='lat' dir='ltr'>verbis</span> <span class='ocrx_word' id='word_1_175' title='bbox 1950 2525 2335 2603; x_wconf 71' lang='lat' dir='ltr'>Protagoram</span> <span class='ocrx_word' id='word_1_176' title='bbox 2407 2524 2540 2601; x_wconf 87' lang='lat' dir='ltr'>ipso</span> 
     </span>
     <span class='ocr_line' id='line_1_22' title="bbox 304 2616 2539 2715; baseline 0 -23"><span class='ocrx_word' id='word_1_177' title='bbox 304 2637 311 2644; x_wconf 83' lang='lat'>&#39;</span> <span class='ocrx_word' id='word_1_178' title='bbox 379 2616 616 2709; x_wconf 86' lang='lat' dir='ltr'>quidem</span> <span class='ocrx_word' id='word_1_179' title='bbox 665 2640 929 2713; x_wconf 87' lang='lat' dir='ltr'>tempore</span> <span class='ocrx_word' id='word_1_180' title='bbox 973 2635 1097 2712; x_wconf 86' lang='lat' dir='ltr'>illo,</span> <span class='ocrx_word' id='word_1_181' title='bbox 1139 2652 1256 2715; x_wconf 91' lang='lat' dir='ltr'>quo</span> <span class='ocrx_word' id='word_1_182' title='bbox 1309 2634 1644 2715; x_wconf 83' lang='lat' dir='ltr'>pestilentia</span> <span class='ocrx_word' id='word_1_183' title='bbox 1692 2651 1925 2695; x_wconf 88' lang='lat' dir='ltr'>omnem</span> <span class='ocrx_word' id='word_1_184' title='bbox 1968 2633 2177 2694; x_wconf 83' lang='lat' dir='ltr'>afflixit</span> <span class='ocrx_word' id='word_1_185' title='bbox 2219 2633 2539 2713; x_wconf 72' lang='lat' dir='ltr'>civitatem,</span> 
     </span>
     <span class='ocr_line' id='line_1_23' title="bbox 370 2740 2535 2821; baseline -0.001 -19"><span class='ocrx_word' id='word_1_186' title='bbox 370 2740 623 2802; x_wconf 86' lang='lat' dir='ltr'>Athenis</span> <span class='ocrx_word' id='word_1_187' title='bbox 647 2749 1074 2804; x_wconf 90' lang='lat' dir='ltr'>commoratum</span> <span class='ocrx_word' id='word_1_188' title='bbox 1117 2761 1253 2805; x_wconf 89' lang='lat' dir='ltr'>esse</span> <span class='ocrx_word' id='word_1_189' title='bbox 1295 2743 1573 2805; x_wconf 87' lang='lat' dir='ltr'>efficitur:</span> <span class='ocrx_word' id='word_1_190' title='bbox 1621 2743 1730 2805; x_wconf 91' lang='lat' dir='ltr'>sed</span> <span class='ocrx_word' id='word_1_191' title='bbox 1769 2758 1957 2821; x_wconf 78' lang='lat' dir='ltr'>usque</span> <span class='ocrx_word' id='word_1_192' title='bbox 1998 2740 2079 2802; x_wconf 80' lang='lat' dir='ltr'>ad</span> <span class='ocrx_word' id='word_1_193' title='bbox 2120 2740 2270 2801; x_wconf 73' lang='lat' dir='ltr'>illud</span> <span class='ocrx_word' id='word_1_194' title='bbox 2306 2746 2535 2818; x_wconf 80' lang='lat' dir='ltr'>tempus</span> 
     </span>
     <span class='ocr_line' id='line_1_24' title="bbox 368 2843 2532 2931; baseline -0.001 -21"><span class='ocrx_word' id='word_1_195' title='bbox 368 2865 605 2929; x_wconf 86' lang='lat' dir='ltr'>semper</span> <span class='ocrx_word' id='word_1_196' title='bbox 654 2869 783 2911; x_wconf 89' lang='lat' dir='ltr'>cum</span> <span class='ocrx_word' id='word_1_197' title='bbox 804 2851 1263 2913; x_wconf 86' lang='lat' dir='ltr'>Atheniensibus</span> <span class='ocrx_word' id='word_1_198' title='bbox 1310 2870 1444 2915; x_wconf 90' lang='lat' dir='ltr'>eum</span> <span class='ocrx_word' id='word_1_199' title='bbox 1490 2851 1676 2914; x_wconf 88' lang='lat' dir='ltr'>fuisse</span> <span class='ocrx_word' id='word_1_200' title='bbox 1719 2857 1892 2931; x_wconf 87' lang='lat' dir='ltr'>atque</span> <span class='ocrx_word' id='word_1_201' title='bbox 1938 2865 2146 2910; x_wconf 88' lang='lat' dir='ltr'>eorum</span> <span class='ocrx_word' id='word_1_202' title='bbox 2187 2849 2258 2926; x_wconf 30' lang='lat' dir='ltr'>in.</span> <span class='ocrx_word' id='word_1_203' title='bbox 2287 2843 2532 2908; x_wconf 65' lang='lat' dir='ltr'>urbe‘se</span> 
     </span>
     <span class='ocr_line' id='line_1_25' title="bbox 368 2945 2532 3039; baseline 0 -22"><span class='ocrx_word' id='word_1_204' title='bbox 368 2959 737 3019; x_wconf 82' lang='lat' dir='ltr'>continuisse</span> <span class='ocrx_word' id='word_1_205' title='bbox 782 2965 1173 3039; x_wconf 77' lang='lat' dir='ltr'>&#39;nequaquam</span> <span class='ocrx_word' id='word_1_206' title='bbox 1236 2961 1296 3020; x_wconf 91' lang='lat' dir='ltr'>in</span> <span class='ocrx_word' id='word_1_207' title='bbox 1354 2959 1494 3021; x_wconf 93' lang='lat' dir='ltr'>loco</span> <span class='ocrx_word' id='word_1_208' title='bbox 1555 2960 1729 3021; x_wconf 86' lang='lat' dir='ltr'>inest.</span> <span class='ocrx_word' id='word_1_209' title='bbox 1816 2956 2057 3020; x_wconf 88' lang='lat' dir='ltr'>GeeIius</span> <span class='ocrx_word' id='word_1_210' title='bbox 2100 2945 2237 3037; x_wconf 86' lang='lat' dir='ltr'>pag.</span> <span class='ocrx_word' id='word_1_211' title='bbox 2277 2956 2375 3017; x_wconf 83' lang='lat'>77.</span> <span class='ocrx_word' id='word_1_212' title='bbox 2422 2973 2532 3036; x_wconf 87' lang='lat' dir='ltr'>pro</span> 
     </span>
     <span class='ocr_line' id='line_1_26' title="bbox 364 3064 2532 3147; baseline -0 -21"><span class='ocrx_word' id='word_1_213' title='bbox 364 3064 732 3147; x_wconf 85' lang='lat' dir='ltr'>Protagorae</span> <span class='ocrx_word' id='word_1_214' title='bbox 795 3068 1034 3127; x_wconf 89' lang='lat' dir='ltr'>nomine</span> <span class='ocrx_word' id='word_1_215' title='bbox 1100 3069 1379 3147; x_wconf 87' lang='lat' dir='ltr'>scriptum</span> <span class='ocrx_word' id='word_1_216' title='bbox 1442 3067 1629 3129; x_wconf 85' lang='lat' dir='ltr'>fuisse</span> <span class='ocrx_word' id='word_1_217' title='bbox 1675 3066 2050 3147; x_wconf 84' lang='lat' dir='ltr'>Pythagorae</span> <span class='ocrx_word' id='word_1_218' title='bbox 2096 3065 2171 3127; x_wconf 89' lang='lat' dir='ltr'>ab</span> <span class='ocrx_word' id='word_1_219' title='bbox 2215 3064 2532 3126; x_wconf 83' lang='lat' dir='ltr'>Heraclide</span> 
     </span>
     <span class='ocr_line' id='line_1_27' title="bbox 365 3171 2532 3255; baseline 0 -22"><span class='ocrx_word' id='word_1_220' title='bbox 365 3173 614 3235; x_wconf 89' lang='lat' dir='ltr'>Pontico</span> <span class='ocrx_word' id='word_1_221' title='bbox 660 3175 973 3236; x_wconf 82' lang='lat' dir='ltr'>arbitratur</span> <span class='ocrx_word' id='word_1_222' title='bbox 1016 3175 1283 3237; x_wconf 79' lang='lat' dir='ltr'>eIusdem</span> <span class='ocrx_word' id='word_1_223' title='bbox 1328 3177 1551 3238; x_wconf 88' lang='lat' dir='ltr'>erroris</span> <span class='ocrx_word' id='word_1_224' title='bbox 1592 3174 1924 3255; x_wconf 84' lang='lat' dir='ltr'>exemplum</span> <span class='ocrx_word' id='word_1_225' title='bbox 1968 3171 2225 3235; x_wconf 78' lang='lat' dir='ltr'>afferens</span> <span class='ocrx_word' id='word_1_226' title='bbox 2247 3172 2532 3235; x_wconf 89' lang='lat' dir='ltr'>Bruckeri</span> 
     </span>
     <span class='ocr_line' id='line_1_28' title="bbox 360 3281 2527 3365; baseline -0.001 -23"><span class='ocrx_word' id='word_1_227' title='bbox 360 3281 507 3343; x_wconf 87' lang='lat' dir='ltr'>Hist.</span> <span class='ocrx_word' id='word_1_228' title='bbox 553 3283 679 3343; x_wconf 91' lang='lat' dir='ltr'>crit.</span> <span class='ocrx_word' id='word_1_229' title='bbox 712 3282 850 3362; x_wconf 92' lang='lat' dir='ltr'>phil.</span> <span class='ocrx_word' id='word_1_230' title='bbox 893 3291 1033 3349; x_wconf 90' lang='lat' dir='ltr'>tom.</span> <span class='ocrx_word' id='word_1_231' title='bbox 1063 3284 1104 3344; x_wconf 90' lang='lat' dir='ltr'>l.</span> <span class='ocrx_word' id='word_1_232' title='bbox 1146 3302 1284 3365; x_wconf 89' lang='lat' dir='ltr'>pag.</span> <span class='ocrx_word' id='word_1_233' title='bbox 1318 3285 1494 3360; x_wconf 79' lang='lat'>1202,</span> <span class='ocrx_word' id='word_1_234' title='bbox 1539 3284 1635 3363; x_wconf 92' lang='lat' dir='ltr'>qui</span> <span class='ocrx_word' id='word_1_235' title='bbox 1679 3301 1713 3344; x_wconf 89' lang='lat' dir='ltr'>a</span> <span class='ocrx_word' id='word_1_236' title='bbox 1742 3283 2094 3344; x_wconf 86' lang='lat' dir='ltr'>Philostrato</span> <span class='ocrx_word' id='word_1_237' title='bbox 2139 3286 2527 3362; x_wconf 86' lang='lat' dir='ltr'>permutatum</span> 
     </span>
     <span class='ocr_line' id='line_1_29' title="bbox 365 3386 2529 3471; baseline -0.002 -20"><span class='ocrx_word' id='word_1_238' title='bbox 365 3406 502 3451; x_wconf 89' lang='lat' dir='ltr'>esse</span> <span class='ocrx_word' id='word_1_239' title='bbox 545 3390 946 3451; x_wconf 87' lang='lat' dir='ltr'>Democritum</span> <span class='ocrx_word' id='word_1_240' title='bbox 1011 3408 1143 3452; x_wconf 90' lang='lat' dir='ltr'>cum</span> <span class='ocrx_word' id='word_1_241' title='bbox 1186 3391 1523 3471; x_wconf 82' lang='lat' dir='ltr'>Pythagora</span> <span class='ocrx_word' id='word_1_242' title='bbox 1564 3390 1781 3451; x_wconf 84' lang='lat' dir='ltr'>dixerit</span> <span class='ocrx_word' id='word_1_243' title='bbox 1832 3390 1962 3468; x_wconf 87' lang='lat' dir='ltr'>ipse</span> <span class='ocrx_word' id='word_1_244' title='bbox 2026 3393 2365 3469; x_wconf 84' lang='lat' dir='ltr'>permutans</span> <span class='ocrx_word' id='word_1_245' title='bbox 2406 3386 2529 3466; x_wconf 76' lang='lat' dir='ltr'>Py·-</span> 
     </span>
     <span class='ocr_line' id='line_1_30' title="bbox 362 3494 2527 3580; baseline -0 -23"><span class='ocrx_word' id='word_1_246' title='bbox 362 3496 672 3578; x_wconf 85' lang='lat' dir='ltr'>thagoram</span> <span class='ocrx_word' id='word_1_247' title='bbox 737 3515 867 3559; x_wconf 86' lang='lat' dir='ltr'>cum</span> <span class='ocrx_word' id='word_1_248' title='bbox 921 3498 1266 3580; x_wconf 88' lang='lat' dir='ltr'>Protagora.</span> <span class='ocrx_word' id='word_1_249' title='bbox 1374 3498 1494 3562; x_wconf 87' lang='lat' dir='ltr'>Sed</span> <span class='ocrx_word' id='word_1_250' title='bbox 1552 3498 1773 3559; x_wconf 91' lang='lat' dir='ltr'>nemini</span> <span class='ocrx_word' id='word_1_251' title='bbox 1838 3497 1993 3558; x_wconf 88' lang='lat' dir='ltr'>hanc</span> <span class='ocrx_word' id='word_1_252' title='bbox 2050 3494 2527 3557; x_wconf 84' lang='lat' dir='ltr'>emendationem</span> 
     </span>
     <span class='ocr_line' id='line_1_31' title="bbox 361 3599 2530 3688; baseline -0.001 -20"><span class='ocrx_word' id='word_1_253' title='bbox 361 3607 682 3686; x_wconf 88' lang='lat' dir='ltr'>probavit,</span> <span class='ocrx_word' id='word_1_254' title='bbox 750 3623 923 3686; x_wconf 89' lang='lat' dir='ltr'>quam</span> <span class='ocrx_word' id='word_1_255' title='bbox 985 3606 1077 3667; x_wconf 91' lang='lat' dir='ltr'>vel</span> <span class='ocrx_word' id='word_1_256' title='bbox 1135 3608 1213 3668; x_wconf 92' lang='lat' dir='ltr'>ob</span> <span class='ocrx_word' id='word_1_257' title='bbox 1273 3613 1602 3688; x_wconf 88' lang='lat' dir='ltr'>temporum</span> <span class='ocrx_word' id='word_1_258' title='bbox 1661 3599 1955 3668; x_wconf 83' lang='lat' dir='ltr'>rationem</span> <span class='ocrx_word' id='word_1_259' title='bbox 1997 3603 2139 3665; x_wconf 82' lang='lat' dir='ltr'>ferri</span> <span class='ocrx_word' id='word_1_260' title='bbox 2184 3619 2304 3664; x_wconf 91' lang='lat' dir='ltr'>non</span> <span class='ocrx_word' id='word_1_261' title='bbox 2345 3618 2530 3686; x_wconf 78' lang='lat' dir='ltr'>posse</span> 
     </span>
     <span class='ocr_line' id='line_1_32' title="bbox 362 3710 2532 3795; baseline -0.001 -19"><span class='ocrx_word' id='word_1_262' title='bbox 362 3716 586 3776; x_wconf 87' lang='lat' dir='ltr'>monuit</span> <span class='ocrx_word' id='word_1_263' title='bbox 625 3715 974 3777; x_wconf 87' lang='lat' dir='ltr'>Brandisius</span> <span class='ocrx_word' id='word_1_264' title='bbox 1013 3714 1158 3777; x_wconf 82' lang='lat' dir='ltr'>Hist.</span> <span class='ocrx_word' id='word_1_265' title='bbox 1201 3715 1412 3795; x_wconf 89' lang='lat' dir='ltr'>philos.</span> <span class='ocrx_word' id='word_1_266' title='bbox 1454 3722 1597 3777; x_wconf 84' lang='lat' dir='ltr'>tom.</span> <span class='ocrx_word' id='word_1_267' title='bbox 1630 3714 1673 3776; x_wconf 88' lang='lat' dir='ltr'>l.</span> <span class='ocrx_word' id='word_1_268' title='bbox 1714 3731 1852 3795; x_wconf 85' lang='lat' dir='ltr'>pag.</span> <span class='ocrx_word' id='word_1_269' title='bbox 1891 3714 2031 3775; x_wconf 77' lang='lat'><strong>525.</strong></span> <span class='ocrx_word' id='word_1_270' title='bbox 2121 3710 2292 3773; x_wconf 84' lang='lat' dir='ltr'>Conf.</span> <span class='ocrx_word' id='word_1_271' title='bbox 2336 3711 2532 3774; x_wconf 82' lang='lat' dir='ltr'>Muel-</span> 
     </span>
     <span class='ocr_line' id='line_1_33' title="bbox 363 3819 2529 3906; baseline 0.001 -26"><span class='ocrx_word' id='word_1_272' title='bbox 363 3819 525 3882; x_wconf 90' lang='lat' dir='ltr'>lerus</span> <span class='ocrx_word' id='word_1_273' title='bbox 561 3837 724 3906; x_wconf 78' lang='lat' dir='ltr'>pag.</span> <span class='ocrx_word' id='word_1_274' title='bbox 773 3823 872 3886; x_wconf 81' lang='lat'>50.</span> <span class='ocrx_word' id='word_1_275' title='bbox 940 3857 1023 3872; x_wconf 89' lang='lat'><em>-</em></span> <span class='ocrx_word' id='word_1_276' title='bbox 1091 3827 1475 3904; x_wconf 82' lang='lat' dir='ltr'>Nequaquam</span> <span class='ocrx_word' id='word_1_277' title='bbox 1533 3839 1681 3885; x_wconf 88' lang='lat' dir='ltr'>vero</span> <span class='ocrx_word' id='word_1_278' title='bbox 1740 3821 1933 3883; x_wconf 84' lang='lat' dir='ltr'>aliena</span> <span class='ocrx_word' id='word_1_279' title='bbox 1988 3827 2117 3882; x_wconf 89' lang='lat' dir='ltr'>erat</span> <span class='ocrx_word' id='word_1_280' title='bbox 2162 3819 2529 3902; x_wconf 88' lang='lat' dir='ltr'>Protagorae</span> 
     </span>
     <span class='ocr_line' id='line_1_34' title="bbox 362 3914 2530 4011; baseline 0.001 -22"><span class='ocrx_word' id='word_1_281' title='bbox 362 3927 636 3993; x_wconf 87' lang='lat' dir='ltr'>doctrina</span> <span class='ocrx_word' id='word_1_282' title='bbox 682 3949 717 3992; x_wconf 88' lang='lat' dir='ltr'>a</span> <span class='ocrx_word' id='word_1_283' title='bbox 754 3931 934 3994; x_wconf 89' lang='lat' dir='ltr'>rebus</span> <span class='ocrx_word' id='word_1_284' title='bbox 991 3914 1262 4011; x_wconf 76' lang='lat' dir='ltr'>publicis,</span> <span class='ocrx_word' id='word_1_285' title='bbox 1347 3930 1532 3993; x_wconf 86' lang='lat' dir='ltr'>Immo</span> <span class='ocrx_word' id='word_1_286' title='bbox 1596 3929 1963 4011; x_wconf 86' lang='lat' dir='ltr'>disciplinam</span> <span class='ocrx_word' id='word_1_287' title='bbox 2028 3946 2194 3992; x_wconf 90' lang='lat' dir='ltr'>suam</span> <span class='ocrx_word' id='word_1_288' title='bbox 2249 3947 2326 3991; x_wconf 93' lang='lat' dir='ltr'>eo</span> <span class='ocrx_word' id='word_1_289' title='bbox 2375 3946 2530 3991; x_wconf 88' lang='lat' dir='ltr'>con-</span> 
     </span>
     <span class='ocr_line' id='line_1_35' title="bbox 358 4023 2528 4119; baseline -0.001 -19"><span class='ocrx_word' id='word_1_290' title='bbox 358 4037 539 4100; x_wconf 84' lang='lat' dir='ltr'>tiueri</span> <span class='ocrx_word' id='word_1_291' title='bbox 582 4044 762 4100; x_wconf 88' lang='lat' dir='ltr'>totam</span> <span class='ocrx_word' id='word_1_292' title='bbox 810 4023 1228 4119; x_wconf 84' lang='lat' dir='ltr'>profitebatur,</span> <span class='ocrx_word' id='word_1_293' title='bbox 1290 4046 1355 4101; x_wconf 90' lang='lat' dir='ltr'>ut</span> <span class='ocrx_word' id='word_1_294' title='bbox 1400 4041 1650 4101; x_wconf 90' lang='lat' dir='ltr'>iuvenes</span> <span class='ocrx_word' id='word_1_295' title='bbox 1714 4045 1774 4101; x_wconf 90' lang='lat' dir='ltr'>et</span> <span class='ocrx_word' id='word_1_296' title='bbox 1815 4056 1917 4101; x_wconf 90' lang='lat' dir='ltr'>res</span> <span class='ocrx_word' id='word_1_297' title='bbox 1964 4037 2327 4101; x_wconf 85' lang='lat' dir='ltr'>domesticas</span> <span class='ocrx_word' id='word_1_298' title='bbox 2370 4038 2528 4098; x_wconf 88' lang='lat' dir='ltr'>bene</span> 
     </span>
     <span class='ocr_line' id='line_1_36' title="bbox 357 4145 2526 4228; baseline -0.001 -19"><span class='ocrx_word' id='word_1_299' title='bbox 357 4162 594 4227; x_wconf 63' lang='lat' dir='ltr'>gerere,</span> <span class='ocrx_word' id='word_1_300' title='bbox 629 4152 691 4209; x_wconf 90' lang='lat' dir='ltr'>et</span> <span class='ocrx_word' id='word_1_301' title='bbox 732 4164 859 4209; x_wconf 88' lang='lat' dir='ltr'>rem</span> <span class='ocrx_word' id='word_1_302' title='bbox 905 4148 1199 4228; x_wconf 88' lang='lat' dir='ltr'>publicam</span> <span class='ocrx_word' id='word_1_303' title='bbox 1242 4147 1656 4210; x_wconf 87' lang='lat' dir='ltr'>administrare</span> <span class='ocrx_word' id='word_1_304' title='bbox 1702 4146 1972 4210; x_wconf 87' lang='lat' dir='ltr'>doceret.</span> <span class='ocrx_word' id='word_1_305' title='bbox 2059 4148 2255 4226; x_wconf 87' lang='lat' dir='ltr'>Atque</span> <span class='ocrx_word' id='word_1_306' title='bbox 2288 4150 2415 4225; x_wconf 90' lang='lat' dir='ltr'>ipse</span> <span class='ocrx_word' id='word_1_307' title='bbox 2448 4145 2526 4206; x_wconf 89' lang='lat' dir='ltr'>de</span> 
     </span>
     <span class='ocr_line' id='line_1_37' title="bbox 354 4253 2524 4341; baseline -0.001 -25"><span class='ocrx_word' id='word_1_308' title='bbox 354 4255 683 4336; x_wconf 85' lang='lat' dir='ltr'>republica</span> <span class='ocrx_word' id='word_1_309' title='bbox 711 4255 919 4317; x_wconf 86' lang='lat' dir='ltr'>librum</span> <span class='ocrx_word' id='word_1_310' title='bbox 959 4258 1292 4338; x_wconf 88' lang='lat' dir='ltr'>composuit</span> <span class='ocrx_word' id='word_1_311' title='bbox 1327 4257 1622 4338; x_wconf 76' lang='lat' dir='ltr'>insIgnem</span> <span class='ocrx_word' id='word_1_312' title='bbox 1665 4256 1958 4337; x_wconf 85' lang='lat' dir='ltr'>aliumque</span> <span class='ocrx_word' id='word_1_313' title='bbox 2003 4256 2079 4317; x_wconf 91' lang='lat' dir='ltr'>de</span> <span class='ocrx_word' id='word_1_314' title='bbox 2120 4253 2524 4341; x_wconf 87' lang='lat' dir='ltr'>antiquissima</span> 
     </span>
     <span class='ocr_line' id='line_1_38' title="bbox 354 4359 2522 4446; baseline -0.003 -21"><span class='ocrx_word' id='word_1_315' title='bbox 354 4379 553 4428; x_wconf 88' lang='lat' dir='ltr'>rerum</span> <span class='ocrx_word' id='word_1_316' title='bbox 611 4362 977 4446; x_wconf 77' lang='lat' dir='ltr'>pubIIcarum</span> <span class='ocrx_word' id='word_1_317' title='bbox 1030 4365 1266 4430; x_wconf 85' lang='lat' dir='ltr'>ratione</span> <span class='ocrx_word' id='word_1_318' title='bbox 1324 4362 1475 4441; x_wconf 79' lang='lat' dir='ltr'>(vid.</span> <span class='ocrx_word' id='word_1_319' title='bbox 1522 4364 1622 4430; x_wconf 87' lang='lat' dir='ltr'>lib.</span> <span class='ocrx_word' id='word_1_320' title='bbox 1661 4363 1759 4427; x_wconf 86' lang='lat' dir='ltr'>lv.</span> <span class='ocrx_word' id='word_1_321' title='bbox 1824 4381 1952 4446; x_wconf 88' lang='lat' dir='ltr'>cap.</span> <span class='ocrx_word' id='word_1_322' title='bbox 1996 4363 2143 4437; x_wconf 85' lang='lat'><em>111.).</em></span> <span class='ocrx_word' id='word_1_323' title='bbox 2228 4359 2522 4438; x_wconf 84' lang='lat' dir='ltr'>Adeoque</span> 
     </span>
    </p>
   </div>
  </div>
 </body>
</html>
