2975 4959
1178 284 1715 350 —1‘27—

362 472 457 526 tur
518 465 803 528 Socrates
857 463 933 524 ad
997 480 1162 525 suam
1227 480 1353 525 rem
1418 464 1808 544 probandam.
1909 465 1971 527 Si
2032 464 2212 547 igitur
2270 467 2539 530 Socratis

299 653 304 659 ¹
354 574 828 654 >explicationem
870 589 993 634 non
1038 591 1117 634 ex
1158 573 1342 652 ipsius
1388 573 1484 634 vel
1526 573 1783 636 Platonis
1831 574 2010 637 animi
2054 577 2348 637 sententia
2393 594 2543 656 pro-

362 683 625 760 sectam,
671 681 816 758 sed,
871 688 935 745 ut
974 681 1369 769 sophistarum
1413 684 1709 746 rationem
1749 700 1882 747 cum
1925 682 2206 744 irrisione
2242 692 2540 765 carperet,

236 858 239 861 ,
358 793 558 854 fictam
601 809 743 853 esse
785 797 994 853 teneas
1021 836 1039 867 ,
1077 807 1198 852 non
1243 792 1503 868 mireriS,
1552 791 1710 871 quod
1752 793 2035 854 Socrates
2077 792 2255 854 multa
2283 795 2362 855 sit
2392 793 2543 855 salse

335 899 803 979 interpretatus.
887 898 1108 962 Similis
1151 907 1247 961 est
1289 901 1444 962 ratio
1483 906 1813 981 etymorum
1859 900 2086 962 illorum
2117 946 2135 976 ,
2178 919 2334 981 quae
2378 904 2540 989 Plato

360 1010 424 1069 in
487 1007 726 1087 Cratylo
769 1007 1079 1068 Socratem
1137 1005 1543 1095 proferentem
1606 1008 1768 1079 facit.
1855 1008 1987 1081 Quo
2032 1015 2228 1070 autem
2283 1011 2540 1073 consilio

359 1116 511 1177 tales
552 1115 920 1196 Protagorae
946 1183 951 1187 ,
981 1116 1308 1177 carminum
1361 1116 1796 1196 explicationes
1842 1116 2004 1178 Plato
2059 1116 2538 1200 reprehenderit,

360 1223 646 1304 proximis
689 1224 1085 1286 enarrabitur.
1127 1260 1210 1273 —-
1277 1224 1553 1289 Ceterum
1595 1224 1671 1286 de
1718 1223 1835 1287 hoc
1881 1224 2140 1288 Platonis
2181 1226 2321 1289 loco
2368 1229 2539 1292 aliter

355 1322 940 1409 sensit—Weiskerus'
985 1331 1133 1394 Mus.
1181 1331 1368 1394 Rhen.
1421 1333 1599 1394 1833.
1644 1350 1781 1415 pag.
1829 1331 1971 1396 541.

528 1439 702 1513 Quod
747 1441 800 1501 si
846 1440 927 1501 ita
975 1446 1089 1516 est,
1133 1440 1503 1521 Protagorae
1548 1440 1975 1520 interpretandi
2018 1442 2173 1505 ratio
2197 1442 2542 1522 planissime

290 1622 295 1628 .
359 1554 620 1628 apparet.
666 1622 673 1627 Ι
731 1548 1116 1621 Quaestionis
1173 1549 1309 1611 linis
1380 1557 1514 1611 erat
1568 1565 1949 1631 cognoscere
2014 1550 2195 1612 totius
2257 1552 2542 1612 carminis

358 1657 622 1719 indolem
690 1674 929 1738 quoque
993 1657 1250 1721 consilio
1300 1674 1334 1720 a
1385 1664 1562 1738 poeta
1624 1665 1790 1720 esset
1845 1659 2257 1740 compositum.
2364 1659 2540 1732 Quod

357 1765 435 1826 ad
495 1766 974 1846 perspiciendum
1043 1782 1258 1829 vocum
1328 1772 1509 1848 atque
1568 1769 1996 1831 sententiarum
2061 1767 2539 1849 significationes

364 1880 644 1936 accurate
702 1874 989 1953 explicari
1050 1880 1310 1935 necesse
1352 1881 1526 1951 erat,
1584 1877 1909 1954 praecipue
1970 1875 2157 1938 verba
2204 1883 2375 1937 recto
2431 1894 2541 1936 or·

364 1982 505 2043 dine
570 1982 859 2064 coniungi
915 1988 978 2043 et
1034 1980 1293 2062 disiungi
1341 1983 1778 2060 (διαλαβεῖν),
1817 1989 1882 2043 ut
1928 1982 2161 2063 singula
2213 1985 2413 2047 omnia
2461 1984 2538 2046 ad

352 2088 521 2177 idem
588 2084 730 2151 illud
777 2088 1086 2151 consilium
1148 2089 1449 2169 pertinere
1506 2095 1686 2168 atque
1749 2090 2030 2151 conferre
2087 2088 2537 2153 demonstrare-

356 2205 470 2259 tur.
580 2198 774 2260 Etiam
844 2198 1215 2260 diversarum
1284 2198 1555 2260 Graecae
1627 2196 1867 2278 linguae
1927 2197 2319 2260 dialectos-um
2383 2201 2537 2263 ratio

357 2305 707 2368 habebatur.
791 2306 1064 2385 Denique
1111 2306 1238 2385 ipse
1279 2311 1457 2385 poeta
1496 2305 1574 2366 «in
1619 2320 1874 2367 examen
1922 2305 2289 2382 vocabatur,
2340 2313 2536 2371 utrum

355 2389 504 2476 vere
532 2414 826 2476 sensisset
852 2431 1068 2489 necne,
1115 2413 1471 2475 sententiam
1513 2429 1678 2474 suam
1725 2414 1880 2475 bene
1908 2413 2285 2493 explicasset,
2323 2417 2538 2495 singu-

356 2522 452 2582 lae
482 2522 763 2583 carminis
785 2528 986 2601 partes
1018 2521 1131 2583 sibi
1176 2522 1429 2583 invicem
1476 2520 1936 2600 responderent,
1978 2527 2163 2583 totum
2188 2521 2347 2584 bene
2375 2530 2538 2585 esset

357 2632 789 2712 compositum3
833 2649 911 2692 ne
955 2631 1169 2692 multa:
1208 2635 1401 2693 utrum
1446 2630 1607 2691 omni
1654 2647 1731 2691 ex
1767 2636 1938 2708 parte
1980 2632 2188 2702 καλῶς
2207 2653 2274 2691 τε
2298 2632 2537 2710 καὶᾶρ-

351 2742 487 2811 &viis-
518 2746 682 2801 esset
705 2739 1136 2818 πεποιημένον.
1182 2736 1335 2801 Nihil
1379 2737 1509 2798 sere
1555 2753 1866 2801 commune
1908 2736 2095 2799 fuisse
2135 2737 2276 2799 huic
2318 2738 2536 2800 rationi

354 2862 490 2909 cum
535 2820 738 2927 priore
778 2834 913 2923 illa',¹>
943 2863 1059 2926 qua
1099 2847 1363 2907 carmina
1410 2846 1736 2906 memoriae
1776 2844 1931 2907 tradi
1976 2862 2050 2908 ac
2078 2828 2322 2907 recitari
2353 2849 2533 2909 totius

351 2956 439 3016 rei
486 2973 712 3018 summa
757 2960 909 3030 erat,
951 2953 1128 3017 facile
1167 2960 1433 3034 apparet.
1524 2953 1783 3015 Fuerunt
1822 2956 1979 3016 enim
2022 2953 2160 3017 illae
2209 2972 2530 3036 puerorum

354 3064 624 3140 scholae,
674 3065 793 3143 qui,
836 3081 966 3125 cum
1016 3058 1206 3143 prima
1251 3064 1606 3126 eruditionis
1636 3062 1953 3138 elementa,
1994 3062 2236 3144 legendi
2260 3063 2532 3126 scriben-

298 3236 305 3255 ,
349 3173 530 3252 dique
590 3179 777 3233 artem
833 3173 1282 3251 percepissent,
1346 3188 1557 3233 versus
1621 3188 1655 3231 a
1701 3172 2005 3254 magistris
2061 3173 2406 3251 propositos
2463 3174 2532 3232 in

349 3279 649 3343 subselliis
694 3279 952 3341 recitare
1001 3278 1517 3359 atque—ediscere
1572 3280 1987 3359 cogebantur,
2044 3295 2120 3341 eo
2182 3281 2530 3360 praesertim

353 3369 653 3465 consilio,
695 3394 762 3449 ut
800 3388 997 3449 multis
1037 3395 1098 3449 et
1138 3387 1578 3449 laudationibus
1622 3393 1683 3449 et
1723 3387 2298 3467 reprehensionibus
2339 3389 2530 3450 disci-

350 3497 617 3576 pulorum
676 3495 859 3556 animi
922 3495 1330 3583 excitarentur
1393 3494 1467 3555 ad
1518 3494 1802 3556 imitanda
1863 3496 2125 3556 virorum
2167 3496 2530 3559 carminibus

349 3603 464 3665 illis
507 3603 986 3684 praedicatorum
1039 3601 1309 3681 exempla
1352 3603 1551 3677 (conf.
1595 3602 1752 3664 Prot.
1801 3620 1938 3685 pag.
1965 3602 2110 3663 325.
2153 3603 2264 3678 E).
2315 3602 2529 3682 Aliqua

347 3712 586 3791 quidem
630 3730 709 3773 ex
765 3717 934 3792 parte
1002 3711 1273 3772 carmina
1334 3711 1409 3772 ab
1455 3711 1571 3775 illis
1612 3728 1850 3791 quoque
1893 3711 2344 3790 explicabantur
2396 3729 2532 3774 ma-

349 3821 601 3899 gistris3
642 3837 815 3898 nam,
873 3834 1007 3882 cum
1044 3819 1138 3880 vel
1180 3820 1258 3881 ob
1302 3820 1625 3882 dictionem
1667 3822 1962 3911 poeticam
2024 3819 2118 3880 vel
2161 3819 2238 3881 ob
2282 3819 2526 3902 linguae

352 3927 753 4006 antiquitatem
811 3927 906 3989 vel
951 3928 1130 3995 etiam
1179 3927 1258 3989 ob
1307 3927 1578 3995 dialecti.⁴
1597 3927 2001 3991 diversitatem
2049 3945 2083 3989 a
2132 3928 2362 4009 vulgari
2402 3928 2526 3990 ho·-

351 4035 571 4095 minum
621 4050 899 4096 sermone
945 4039 998 4097 is
1034 4037 1137 4115 qui
1178 4036 1239 4096 in
1283 4037 1571 4115 poematis
1615 4035 1923 4097 obtinebat
1981 4035 2156 4098 valde
2213 4037 2529 4115 discrepa-

351 4148 463 4218 ret,
508 4139 666 4201 nulla
710 4141 905 4202 addita
932 4143 1416 4222 interpretatione
1435 4144 1749 4222 scriptoris
1781 4161 2020 4205 sensum
2044 4160 2165 4205 non
2192 4142 2527 4204 intellexis-

354 4256 488 4312 sent
522 4250 717 4329 pueri.
787 4249 902 4308 Sed
930 4252 1357 4328 grammaticae
1400 4235 1832 4329 expositiones,
1882 4252 2088 4330 quales
2131 4258 2190 4312 et
2232 4250 2529 4330 Protago-

352 4376 457 4420 rae
499 4362 671 4419 erant
717 4363 775 4416 et
817 4374 974 4418 nunc
1016 4360 1074 4419 in
1103 4358 1326 4420 scholis
1358 4365 1496 4420 sunt
1517 4361 1791 4439 usitatae,
1834 4361 1907 4421 ab
1941 4359 2057 4420 illis
2083 4358 2316 4419 alienae
2341 4357 2526 4419 fuisse
