2975 4959
1187 254 1722 320 -152-

383 437 661 501 ciendum
706 445 955 500 necne.“
1038 439 1303 501 Tractari
1349 456 1499 501 vero
1542 444 1792 520 possunt
1836 445 1936 500 aut
1955 436 2360 517 disputatione
2399 450 2558 497 con-

382 547 640 627 scripta,
703 553 769 610 ut
822 563 1213 627 quaecunque
1271 548 1333 609 in
1375 547 1682 637 utriusque
1723 546 1970 609 theseos
2013 546 2198 626 partis
2241 552 2303 607 et
2341 545 2562 607 defen-
2663 548 2668 555 '

378 656 609 724 sionem
656 661 718 716 et
760 653 1182 718 refutationem
1225 655 1346 717 dici
1389 657 1625 735 possint
1668 656 1892 717 diserte
1943 660 2341 735 exponantur,
2382 661 2553 733 atque

377 763 651 826 omnibus
712 764 1024 844 perpensis
1090 764 1329 826 tandem
1385 763 1528 845 quid
1583 770 1989 844 consequatur
2032 760 2401 842 explicetur3
2457 767 2560 823 aut

380 871 681 953 colloquio
742 872 826 933 ita
881 872 1188 949 instituto,
1250 879 1314 934 ut
1356 873 1529 935 alteri
1577 872 1823 934 alteram
1868 871 2116 934 theseos
2157 878 2385 951 partem
2427 870 2559 932 lau-

381 980 528 1042 dent
568 987 745 1061 atque
784 979 1151 1058 defendant,
1215 981 1386 1043 alteri
1446 984 1806 1043 contrarium
1851 980 2106 1061 amplexi
2151 976 2309 1043 illam
2350 996 2562 1060 repre-

375 1089 641 1152 hendant
685 1096 863 1169 atque
921 1091 1308 1171 impugnent:
1371 1108 1489 1171 quo
1551 1090 1882 1164 efficiatur,
1948 1096 2012 1151 ut
2064 1089 2303 1151 tandem
2365 1087 2442 1149 de
2492 1105 2564 1150 re

373 1198 679 1279 proposita
731 1198 887 1259 inter
924 1205 1214 1279 utrosque
1257 1204 1513 1261 constet.
1600 1198 1802 1260 Potest
1843 1197 2056 1278 aliquis
2099 1198 2276 1259 etiam
2320 1195 2396 1258 de
2438 1213 2559 1257 una
2590 1266 2605 1279 ,

375 1306 531 1368 thesi
571 1306 718 1369 duas
760 1307 1149 1369 conscribere
1197 1308 1736 1369 commentationes
1767 1353 1785 1383 ,
1844 1323 2090 1386 quarum
2158 1305 2344 1368 altera
2389 1305 2560 1385 affir-

378 1420 522 1495 met,
564 1414 753 1476 altera
793 1422 976 1496 neget
1018 1415 1429 1495 quaestionem
1462 1415 1849 1494 propositam.
2224 1478 2236 1489 ,

539 1523 776 1586 Similes
818 1522 1092 1599 theseon,
1133 1541 1246 1585 nec
1292 1531 1489 1585 tamen
1534 1523 1822 1599 eaedem,
1862 1531 1999 1585 sunt
2043 1538 2191 1604 quas
2238 1527 2378 1583 ante
2420 1520 2560 1582 elo-

380 1632 662 1709 quentiae
708 1638 896 1695 artem
943 1650 977 1692 a
1027 1631 1256 1693 Corace
1301 1632 1578 1712 'l'isiaque
1626 1634 1926 1694 conditam
1961 1651 1994 1693 a
2030 1633 2356 1712 Protagora
2406 1647 2562 1691 con-

380 1746 586 1819 ceptas
625 1738 810 1805 fuisse
857 1738 1072 1801 Cicero
1116 1740 1212 1817 ait⁸
1237 1740 1396 1803 Brut.
1442 1758 1575 1820 cap.
1598 1740 1730 1803 ΧΠ.
1755 1749 1815 1816 s.
1846 1739 1949 1817 46,
1998 1758 2197 1802 rerum
2248 1739 2557 1801 illustrium

378 1845 834 1927 disputationes,
873 1854 1082 1928 postea
1116 1848 1286 1910 loci
1329 1866 1786 1911 communes
1831 1849 2144 1928 appellati:
2189 1848 2447 1927 „ltaque,
2477 1848 2562 1907 ait

383 1955 765 2036 Aristoteles,
809 1974 941 2019 cum
982 1957 1232 2019 sublatis
1279 1961 1339 2018 in
1365 1958 1564 2020 Sicilia
1610 1959 1879 2038 tyrannis
1919 1976 2019 2019 res
2062 1956 2329 2037 privatae
2375 1957 2560 2036 longo

385 2064 703 2126 intervallo
730 2064 969 2127 iudiciis
990 2074 1423 2147 repeterentur,
1449 2073 1568 2128 tum
1596 2068 1866 2147 primum,
1894 2066 2053 2146 quod
2075 2048 2239 2126 esset
2261 2070 2433 2126 acuta
2461 2064 2557 2124 illa

379 2189 535 2254 gens
575 2180 636 2235 et
679 2181 1072 2238 controversa
1118 2183 1353 2251 natura,
1393 2182 1582 2238 artem
1627 2183 1688 2237 et
1728 2182 2049 2256 praecepta
2085 2174 2320 2236 Siculos
2362 2173 2560 2235 Cora-

384 2299 516 2348 cem
559 2289 620 2343 et
664 2283 883 2345 Tisiam
929 2286 1407 2365 conscripsisse:
1455 2302 1591 2346 nam
1634 2291 1811 2347 antea
1838 2285 2134 2344 neminem
2181 2282 2417 2344 solitum
2459 2282 2559 2343 via

381 2407 498 2457 neo
544 2397 690 2474 arte,
735 2392 845 2454 sed
890 2399 1174 2455 accurate
1221 2400 1417 2455 tamen
1467 2400 1530 2455 et
1570 2393 1645 2454 de
1686 2395 1924 2474 scripto
1959 2392 2281 2472 plerosque
2326 2392 2558 2468 dicere,

383 2504 760 2584 scriptasque
804 2503 991 2565 fuisse
1030 2510 1090 2564 et
1127 2511 1366 2584 paratas
1405 2522 1438 2564 a
1467 2505 1797 2585 Protagora
1838 2520 2036 2564 rerum
2082 2500 2386 2573 illustrium
2428 2500 2559 2562 dis-

381 2611 760 2691 putationeS‚
822 2628 975 2691 quae
1022 2629 1182 2673 nunc
1230 2629 1577 2675 communes
1624 2611 1991 2692 appellantur
2036 2611 2211 2672 loci.“
2298 2609 2561 2682 Quorum

385 2720 706 2783 verborum
730 2722 1338 2793 sententiamcontra
1354 2720 1645 2800 Geelium,
1688 2720 2027 2796 Prellerum‚
2073 2719 2363 2795 Peterum‚
2411 2717 2562 2779 alios

383 2845 520 2910 pag.
544 2824 644 2889 41.
686 2836 747 2891 et
787 2849 845 2911 q.
889 2847 1057 2920 seqq.
1097 2836 1507 2910 exposuimus
1566 2814 2295 2892 Locorum'communium
2324 2826 2562 2888 diversa

274 2978 291 3033 ,⁸
386 2955 616 3018 genera
663 2937 921 3018 explicat
953 2938 1077 3000 Cic.
1124 2939 1200 3000 de
1231 2940 1335 3000 Or.
1384 2939 1482 3000 lib.
1504 2939 1597 3000 111.
1644 2936 2034 3018 oap.XXVll.
2080 2944 2139 3012 §-
2167 2936 2321 3001 106:
2364 2934 2565 3013 „Con-

386 3051 711 3125 sequentur
753 3045 929 3112 etiam
974 3046 1058 3108 illi
1105 3046 1262 3125 loci,
1309 3049 1451 3125 qui,
1495 3064 1830 3127 quanquam
1875 3045 2099 3126 proprii
2146 3062 2460 3108 causarum
2504 3050 2566 3105 et

388 3150 776 3214 inhaerentes
819 3154 881 3214 in
921 3171 1126 3216 earum
1171 3156 1373 3215 nervis
1418 3172 1558 3215 esse
1605 3154 1855 3233 debent,
1887 3161 2087 3217 tamen
2132 3155 2265 3235 quia
2314 3153 2391 3217 die
2431 3152 2572 3214 uni-

392 3277 570 3323 versa
612 3278 682 3323 re
727 3263 970 3324 tractari
1015 3261 1232 3342 solent,
1279 3281 1627 3325 communes
1669 3281 1703 3324 a
1745 3264 2051 3325 veteribus
2094 3262 2379 3325 nominati
2400 3267 2568 3323 sunt:

390 3387 639 3450 quorum
683 3373 892 3450 purtim
939 3369 1162 3434 hahent
1202 3373 1475 3435 vitiorum
1523 3380 1584 3435 et
1623 3379 2001 3452 peccatorum
2048 3389 2249 3434 acrem
2272 3369 2567 3451 quandam

396 3496 529 3540 cum
579 3479 1037 3560 amplificatione
1079 3484 1561 3558 incusationem,
1620 3488 1721 3543 aut
1777 3480 2079 3562 querelam
2125 3487 2333 3542 contra
2389 3497 2565 3559 quam

395 3586 512 3649 dici
554 3589 702 3650 nihil
745 3591 900 3652 solet
941 3608 1057 3651 nec
1095 3597 1332 3670 potest,
1397 3598 1461 3652 ut
1512 3593 1571 3652 in
1622 3591 2144 3670 depeculatorem,
2188 3591 2248 3650 in
2293 3588 2574 3669 prodito-·

393 3698 644 3775 rem‚·in
691 3697 1080 3777 parricidam3
1127 3699 1340 3779 quibus
1379 3699 1461 3760 uti
1514 3697 1873 3760 confirmatis
1919 3697 2265 3768 criminibus
2308 3704 2567 3777 oportet,

397 3805 570 3869 aliter
613 3808 770 3886 enim
820 3807 1002 3870 ieiuni
1053 3813 1192 3870 sunt
1232 3814 1408 3888 atque
1453 3809 1709 3885 inanes;
1776 3807 1874 3871 alii
1933 3814 2128 3869 autem
2177 3807 2400 3868 habent
2454 3807 2571 3870 de..

378 3915 838 3997 precationem,
880 3922 981 3978 aut
1026 3915 1509 3978 miserationem:
1553 3917 1650 3978 alli
1689 3935 1835 3978 vero
1876 3918 2168 3996 ancipites
2213 3915 2572 3996 disputatio-

396 4039 527 4098 neS‚
567 4023 628 4083 in
672 4022 882 4101 quibus
929 4024 1005 4085 de
1045 4026 1332 4088 universo
1389 4043 1618 4105 genere
1675 4022 1736 4086 in
1793 4032 2101 4106 utramque
2154 4031 2381 4105 partem
2437 4026 2570 4086 dis-

400 4131 522 4193 seri
566 4131 816 4211 copiose
857 4130 1052 4194 licet.“
1093 4169 1175 4181 -—-
1216 4133 1396 4195 Locis
1428 4135 1840 4198 communibus
1874 4135 2083 4214 partim
2133 4135 2273 4196 vitia
2320 4141 2379 4195 et
2419 4149 2572 4213 pec-

397 4246 532 4301 cata
572 4241 810 4317 notari,
866 4241 947 4301 ita
996 4241 1274 4320 quidem,
1332 4248 1398 4304 ut
1454 4260 1574 4304 non
1634 4243 1712 4304 de
1768 4250 1931 4304 certa
1989 4243 2241 4323 quadam
2286 4258 2567 4322 persona,

394 4347 506 4421 ted
569 4348 647 4417 de.
715 4350 863 4418 vitio
927 4349 1059 4437 ipso
1134 4357 1345 4439 agatur
1369 4398 1387 4433 ‚
1484 4353 1697 4437 partim
1770 4352 1945 4419 aliam
2005 4350 2366 4419 sententiam
2428 4348 2572 4416 uni-
