2975 4959
1233 288 1673 357 ...94

372 475 701 556 profitear,
750 474 860 535 hac
907 474 1276 554 potissimum
1320 492 1387 537 re
1432 474 1735 552 adducor,
1781 475 1937 556 quod
1983 472 2360 542 Democritus
2401 489 2561 534 anno

374 583 615 644 demum
673 589 812 643 ante
857 582 1153 645 Christum
1193 584 1337 646 460.
1396 584 1529 645 sive
1594 583 1883 646 vicesimo
1948 588 2258 663 postquam
2324 581 2561 642 Xerxes

374 689 641 752 Abderis
704 692 810 751 fuit
869 692 1117 769 primam
1167 693 1402 771 aspexit
1447 691 1660 753 lucem.
1747 691 1892 753 Nam
1957 692 2293 771 quicunque
2373 690 2561 752 dero-

378 798 621 879 gandae
666 799 904 860 Laertio
949 800 1086 860 fidei
1149 818 1392 862 causam
1454 802 1813 861 invenerunt
1872 799 2133 876 nullam,
2196 799 2559 875 BruekeruS‚

384 907 652 984 GeeliuS,
693 908 989 985 GeistiuS‚
1032 908 1378 985 HerbstiuS‚
1423 906 1799 970 Hei-mannus
1829 910 1942 985 4θ),
1986 912 2192 983 ceteri,
2237 908 2561 969 Democriti

384 1021 640 1077 aetatem
687 1015 1005 1096 diligenter
1044 1035 1259 1080 eruere
1288 1017 1703 1099 neglexerunt,
1748 1017 1823 1080 de
1855 1035 1970 1098 qua
1999 1016 2278 1078 conferas
2308 1034 2439 1096 cap.
2464 1015 2561 1077 lv.

386 1136 444 1201 ς.
483 1125 538 1185 2.
580 1123 651 1189 lt.
695 1161 778 1172 ——
824 1125 1097 1186 Ceterum
1161 1125 1372 1188 eadem
1434 1129 1672 1187 ratione
1739 1140 1858 1187 non
1921 1127 2113 1206 magis
2177 1125 2562 1204 Protagoram

326 1313 333 1321 ι
378 1250 695 1311 magorum
772 1231 1110 1313 praecentis
1183 1233 1365 1296 imbui
1434 1235 1706 1315 potuisse
1780 1233 1935 1295 infra
2010 1233 2511 1296 demonstrabitur
2540 1280 2559 1310 ,

385 1340 601 1419 qnippe
645 1341 746 1420 qui
805 1346 944 1402 tunc
988 1348 1089 1402 aut
1134 1341 1401 1403 nondum
1463 1340 1641 1403 fuerit
1683 1349 1855 1403 natus
1915 1348 2018 1402 aut
2057 1324 2254 1402 infans
2296 1341 2396 1402 vix
2439 1359 2560 1403 uno

384 1447 624 1527 expleto
667 1465 848 1510 anno.
935 1447 1055 1510 lam
1104 1450 1282 1531 igitur
1345 1450 1567 1511 divitiis
1611 1450 1997 1532 Protagoram
2062 1449 2401 1511 abundasse
2441 1467 2558 1529 pa-

384 1545 572 1617 ternis
612 1572 790 1618 nemo
836 1557 1042 1619 credat
1088 1558 1472 1625 Philostrato,
1510 1607 1516 1611 -

552 1664 732 1727 Immo
781 1665 1034 1727 baiulum
1080 1666 1265 1728 fuisse
1323 1667 1572 1743 dieunt,
1637 1665 1995 1728 humillimae
2041 1664 2402 1729 conditionis
2444 1666 2563 1727 ho-
2644 1719 2649 1724 .

385 1753 749 1846 ἠιίηείη.-
795 1773 915 1835 Sed
961 1777 1227 1837 narratio
1287 1776 1397 1837 ista
1431 1823 1449 1852 ‚
1496 1776 1727 1855 qualem
1769 1774 1990 1837 Gellius
2037 1778 2343 1855 ceterique
2382 1776 2561 1836 exbi-

384 1881 571 1959 nent,
629 1887 745 1943 tam
797 1884 976 1944 certis
1031 1883 1284 1945 fabellae
1331 1886 1785 1946 commenticiae
1827 1883 1987 1947 notis
2038 1884 2269 1965 signata
2314 1891 2445 1961 est,
2501 1891 2565 1945 ut

386 1991 503 2051 iarn
553 1990 764 2053 dudum
809 1992 884 2053 ab
924 1992 1060 2068 aliis
1108 1993 1166 2054 in
1218 1993 1647 2058 dubitationem
1692 1999 1905 2054 vocata
1936 2039 1954 2069 ‚
2017 1992 2092 2053 ab
2150 1993 2281 2053 aliis
2339 1995 2562 2055 veritas

392 2101 522 2159 eius
567 2116 812 2178 prorsus
856 2108 1071 2182 negata
1114 2103 1205 2163 sit.
1272 2102 1522 2176 PrimuS,
1567 2085 1739 2181 quern
1778 2100 1929 2177 seio,
1973 2101 2329 2162 Meinersius
2358 2102 2565 2162 scien-2

386 2207 596 2267 tiarum
645 2206 929 2269 historiae
971 2215 1092 2269 tom
1154 2207 1225 2271 ll.
1270 2227 1405 2291 pag.
1454 2209 1592 2270 174.
1678 2208 2004 2270 Democriti
2046 2205 2395 2289 discipulum
2415 2209 2566 2271 Pro-

388 2320 822 2395 tagoramnon
873 2317 1058 2378 fuisse
1099 2316 1239 2379 inde
1283 2318 1697 2379 demonstrare
1754 2322 2005 2379 conatus
2064 2323 2197 2394 est,
2262 2315 2418 2395 quod
2467 2316 2565 2378 hie

388 2423 491 2484 illo
543 2424 722 2485 multo
779 2425 988 2487 suisset
1030 2427 1239 2488 maior.
1327 2426 1514 2500 Quem
1562 2426 1999 2488 Tiedemannus
2045 2432 2287 2487 secutus
2330 2430 2426 2486 est
2465 2425 2565 2486 lib.

388 2530 548 2592 laud..
592 2550 728 2614 pag.
757 2534 898 2595 350.
953 2533 1171 2595 Eorum
1217 2537 1276 2596 in
1320 2535 1678 2596 sententiam
1718 2534 1912 2597 ierunt
1954 2541 2191 2615 propter
2234 2527 2564 2614 temporum

389 2641 660 2703 rationes
723 2641 1182 2704 'l'ennernannus
1239 2643 1447 2706 histor.
1502 2643 1641 2723 phil.
1705 2643 1800 2704 ed.
1870 2643 2106 2705 Wendt.
2150 2651 2288 2705 torn.
2337 2642 2378 2703 l.
2426 2661 2563 2725 pag.

382 2749 546 2825 495,
595 2754 655 2809 et
696 2749 772 2811 ob
818 2750 1297 2829 similitudinem,
1365 2770 1539 2831 qnam
1586 2752 1954 2832 Protagorae
1994 2753 2148 2814 inter
2186 2758 2244 2811 et
2285 2751 2567 2813 Heracliti

391 2857 607 2937 placita
672 2860 1049 2921 intercedere
1110 2860 1443 2937 intellexit,
1519 2861 1835 2922 Wendtius
1881 2860 1957 2922 ad
1999 2860 2402 2921 'Pennemanni
2445 2859 2482 2919 l.
2528 2858 2567 2920 Ι.

398 2966 768 3047 Astipulatur
811 2970 884 3030 iis
927 2968 1272 3032 Mullachius
1311 2986 1449 3051 pag.
1496 2968 1595 3031 29.
1640 2976 1701 3030 et
1741 2969 1839 3032 30.
1884 2971 2249 3047 argumentis
2295 2987 2375 3030 ex
2418 2968 2571 3029 Pro-

393 3083 645 3157 tagorae
691 3084 888 3140 aetate
929 3080 1171 3156 sumtiS,
1233 3078 1340 3140 sed
1386 3078 1600 3158 quibus
1644 3070 1823 3140 niutto
1873 3079 2129 3141 certiora
2176 3079 2374 3140 atl'erri
2418 3095 2570 3157 pos-

391 3192 545 3249 sunt.
635 3186 997 3269 Protagoras
1033 3165 1193 3249 enim¹
1239 3206 1369 3250 cum
1416 3187 1581 3249 eirca
1631 3206 1845 3249 annum
1892 3189 2031 3252 411.
2075 3188 2570 3269 septuagenarius

525 3384 729 3454 *)v1·d.
786 3384 886 3437 loe.
930 3402 1044 3454 sup.
1103 3401 1216 3454 pag
1261 3386 1400 3437 ind..
1461 3386 1590 3451 „Die
1648 3385 1815 3446 Ebu-e,
1873 3387 1965 3437 des
2024 3386 2217 3453 lionigs
2262 3385 2423 3435 Wirth
2470 3399 2571 3449 ge·-

391 3466 574 3505 wesen
612 3474 674 3507 zu
707 3458 819 3507 sein
858 3457 959 3507 und
997 3457 1144 3507 dafiir
1177 3458 1273 3507 den
1312 3457 1606 3508 Unterricbt
1644 3458 1733 3507 der
1766 3457 1855 3507 ihn
1893 3456 2257 3519 hewteitenden
2278 3455 2470 3521 Magier
2494 3455 2580 3504 sur

330 3549 343 3558 -
393 3526 574 3576 seinen
615 3526 751 3579 Sohn
791 3529 1102 3595 empiangen
1145 3544 1207 3577 zu
1249 3527 1450 3590 haben,
1502 3530 1568 3577 ist
1608 3528 1873 3579 zwischen
1911 3526 2203 3579 Demokrits
2253 3524 2353 3574 und
2393 3526 2573 3575 Prota-

398 3612 553 3662 goras
589 3600 743 3649 Vater
782 3601 999 3666 streitig.
1041 3630 1095 3640 -
1121 3630 1187 3641 -—
1216 3597 1318 3648 Fur
1363 3608 1558 3649 erstern
1594 3599 1927 3651 entscheiden
1965 3598 2073 3649 sich
2115 3595 2340 3666 Brut-ker
2373 3595 2570 3656 (histor.

401 3669 511 3717 crit.
566 3669 748 3734 philos.
789 3678 910 3720 toni.
946 3670 982 3722 1.
1025 3685 1072 3736 p.
1115 3670 1289 3730 1202)
1342 3670 1444 3719 und
1498 3669 1623 3720 Geel
1678 3670 1845 3739 (Nova
1894 3669 2018 3719 Acta
2072 3667 2165 3718 litt.
2220 3683 2322 3717 soe.
2361 3667 2574 3717 Rheno-

401 3737 614 3791 Traiect.
657 3741 710 3791 T.
752 3739 815 3793 11.
854 3757 900 3806 p
943 3741 1066 3800 703„
1112 3740 1273 3805 Bayle
1313 3740 1558 3807 (Diction.
1603 3757 1642 3790 s
1682 3757 1730 3791 v.
1777 3740 2066 3791 Democrito
2110 3755 2158 3805 p.
2203 3738 2321 3790 263.
2364 3748 2452 3789 not
2490 3741 2574 3806 Α)

405 3807 514 3858 wilt
558 3827 615 3860 es
655 3809 786 3862 auch
827 3811 969 3861 nicht
1001 3810 1185 3863 einmal
1227 3811 1307 3860 fur
1345 3812 1546 3862 diesen
1569 3811 1743 3877 gelten
1780 3810 2000 3871 lassen3
2026 3810 2155 3860 doch
2194 3810 2331 3860 steht
2370 3811 2577 3876 wenig-

400 3887 541 3930 stens
578 3882 759 3932 weder
797 3883 907 3931 sein
946 3881 1089 3932 Alter
1151 3882 1264 3948 geb.
1305 3882 1410 3933 494
1435 3889 1482 3950 ),
1525 3882 1656 3932 noch
1697 3895 1808 3932 was
1844 3883 1942 3930 wir
1981 3896 2082 3931 von
2129 3883 2322 3932 seinem
2364 3882 2512 3930 Veirn
2515 3885 2582 3928 ’ὀ-

402 3965 503 4015 gen
549 3953 773 4015 wissen,
821 3954 886 4002 ini
928 3953 1128 4019 wege,
1177 3952 1424 4003 walin-end
1463 3953 1769 4018 Protagoras
1815 3951 2007 4002 damals
2060 3962 2164 4003 erst-
2205 3951 2298 4002 Ein
2347 3950 2468 4001 Jahr
2507 3951 2583 4002 att

401 4023 513 4071 sein
562 4021 774 4084 konnt‹·‚
818 4023 918 4073 unci
957 4023 1049 4074 der
1083 4023 1522 4090 iiberwiegenden
1558 4024 1810 4078 Mehrhrit
1851 4023 1942 4073 der
1964 4023 2250 4090 Zeugnisse
2287 4021 2496 4087 zufolge
2524 4025 2575 4072 in

402 4094 576 4142 ‘einer
626 4093 827 4155 Jugemt
879 4095 961 4144 ein
1017 4110 1181 4144 arnier
1229 4095 1522 4158 Lasttiager
1571 4102 1722 4145 ΜΝ
1762 4126 1822 4135 —-
1883 4095 2154 4145 Hermanni
2195 4093 2259 4143 de
2301 4094 2580 4143 Democriti

403 4169 573 4212 aetate
611 4167 895 4226 senti-ntia,
929 4180 1078 4231 quem
1121 4165 1396 4217 Dindmmn
1437 4166 1660 4216 Siculum
1700 4175 1907 4216 secutus
1943 4181 2076 4215 auno
2111 4163 2230 4216 494.
2269 4171 2438 4213 natum
2479 4180 2578 4229 pu-

398 4241 488 4295 tat,
526 4235 656 4284 infra
697 4235 1080 4286 examinabitur.
1156 4236 1315 4298 Quod·
1335 4236 1398 4285 de
1436 4234 1617 4300 Baylio
1666 4238 1894 4302 profert,
1942 4235 2122 4286 salsum
2176 4242 2271 4284 est.
2348 4235 2394 4284 ls
2440 4237 2572 4284 euim

398 4318 499 4354 non
542 4304 726 4355 Lam-iii
768 4304 915 4356 tidem
955 4314 1152 4366 tentat,
1199 4306 1288 4356 sed
1331 4305 1520 4356 Valerii
1564 4307 1765 4358 Maximi
1809 4324 2005 4375 nugas,
2043 4308 2126 4373 qui
2166 4306 2437 4356 Democriti
2476 4320 2570 4369 pa·-

394 4382 531 4426 trem-
558 4377 807 4428 immenso
859 4378 1040 4432 Xerxis
1083 4379 1330 4429 exercitui
1375 4377 1582 4445 epulum
1621 4377 1824 4430 dedisse
1862 4379 2137 4431 meritoriae
2176 4375 2339 4426 tradit..
