2975 4959
1176 288 1712 356 -137—

357 473 470 536 erit
512 471 609 535 illa
657 489 810 554 quae
856 480 1106 536 vocatur
1146 470 1545 554 deenen-staff
1628 468 1736 537 Est
1791 474 1972 555 igitur
2017 490 2092 535 ea
2136 488 2353 536 vocum
2402 473 2539 535 sin·-
2607 463 2611 466 ⁴

360 582 629 664 gularum
676 585 1129 663 pronunciatio,
1198 600 1353 661 quae
1409 590 1471 644 et
1522 582 1848 664 prosodiae
1912 583 2251 663 praeceptis
2305 582 2385 643 sit
2424 599 2538 644 ac-

360 690 770 766 commodata,
818 696 881 761 et
919 708 1097 752 aures
1141 691 1435 752 suavitate
1478 691 1733 771 quadam
1779 689 2038 752 delectet
2080 687 2371 770 (richtige
2409 687 2533 750 und

296 820 307 827 ·
362 796 851 879 wohlklingende
893 788 1332 878 Ausspraclie).
1415 798 1505 861 Ea
1569 798 1827 862 fortasse
1890 797 2003 860 suit
2041 797 2369 860 Democriti
2424 793 2585 876 ὄρ-“

370 907 655 967 &oin-«zea.
720 876 1042 985 Diogenes‘
1068 905 1263 970 Laert.
1309 906 1468 966 enim
1515 904 1616 969 lib.
1649 905 1750 968 IX.
1795 914 1847 981 §.
1875 902 1977 967 48.
2019 905 2079 964 in
2124 905 2369 966 musicis
2410 904 2540 967 De-

363 988 597 1103 mocriti
627 1013 866 1092 scriptis
888 1020 1179 1074 memorat
1201 1012 1412 1074 librum
1452 1010 1888 1093 περίὉμήρου
1937 1006 1977 1092 ἢ
2019 1012 2387 1094 ὀρθοεπείης
2428 1008 2554 1073 καὶ

358 1119 727 1199 γλωσσέων,
788 1121 948 1199 quod
989 1119 1402 1201 explicandum
1451 1119 1720 1182 videtur:
1783 1121 1872 1183 De
1916 1118 2218 1198 Homero,
2279 1103 2537 1180 sive'de

360 1231 524 1289 recta
567 1244 844 1290 versuum
884 1229 1336 1291 Homericorum
1379 1229 1739 1291 recitatione
1796 1234 1856 1290 et
1899 1228 1974 1289 de
2016 1226 2266 1289 vocibus
2308 1225 2538 1287 Home-

363 1334 506 1395 ricis
545 1336 877 1416 peregrinis
908 1337 1006 1398 vel
1050 1338 1242 1399 minus
1287 1338 1563 1399 tritis.-·—
1589 1336 1711 1403 Sed
1752 1335 1851 1399 lib.
1885 1336 1931 1399 l.
1980 1334 2229 1415 cap.Vl.
2274 1339 2329 1408 §.
2360 1332 2451 1396 17.
2477 1337 2541 1394 et

366 1460 423 1521 q.
451 1458 617 1521 seqq.
653 1444 1047 1517 Quintilianus
1071 1444 1248 1506 aliam
1277 1444 1567 1507 describit
1592 1442 1981 1525 ὄρθοέπειαν.
2030 1442 2185 1504 Esse
2208 1442 2389 1519 enim,
2439 1440 2540 1521 qui

362 1553 777 1615 molestissima
804 1553 1147 1636 diligentiae
1172 1554 1566 1647 perversitate
1590 1552 1905 1615 audaciter
1921 1551 2116 1634 potius
2138 1551 2337 1621 dicant
2359 1567 2535 1632 quam

354 1660 686 1736 audacter,
742 1661 885 1723 licet
944 1679 1153 1726 omnes
1210 1670 1485 1726 oratores
1544 1661 1701 1724 lianc
1761 1660 2004 1724 dicendi
2062 1661 2357 1723 rationem
2421 1675 2530 1720 se-
2653 1710 2656 1717 .

359 1777 651 1849 quantur;
696 1770 991 1849 emicavit,
1038 1789 1160 1834 non
1204 1771 1459 1850 emicuit,
1500 1789 1635 1833 cum
1682 1772 2003 1832 verborum
2031 1768 2320 1832 infinitivo
2350 1766 2533 1830 modo

360 1895 472 1939 are
516 1879 960 1940 terminatorum
1019 1880 1398 1959 praeteritum
1450 1886 1678 1958 tempus
1738 1878 1916 1940 cadat
1970 1878 2032 1940 in
2094 1876 2239 1955 avi3
2306 1874 2534 1951 conire,

357 2004 481 2048 non
523 1987 706 2063 coire,
753 1988 890 2068 quia
932 2005 1066 2048 cum
1106 1988 1168 2048 in
1208 1988 1413 2049 verbis
1457 1987 1807 2067 compositis
1849 2003 1962 2047 con
2003 1992 2202 2063 sonet,
2247 2002 2371 2046 non
2416 2001 2532 2057 σος

350 2095 651 2158 tribunale
670 2142 692 2171 ‚
734 2113 856 2159 non
899 2097 1166 2160 tribunal
1188 2144 1206 2177 ,
1255 2115 1389 2160 cum
1439 2099 1516 2160 sit
1557 2116 1593 2160 a
1639 2082 2005 2169 tribunaffffi·
2042 2096 2340 2176 faciliter,
2404 2111 2531 2157 non

350 2203 558 2281 facile,
602 2222 734 2266 cum
777 2205 1197 2268 adverbiorum
1242 2207 1317 2268 ab
1361 2205 1678 2267 adiectivis
1721 2206 1781 2266 in
1814 2204 1871 2265 is
1914 2204 2268 2267 cadentibus
2312 2203 2535 2266 ducto-

350 2329 481 2375 rum
523 2319 689 2375 recta
736 2314 1071 2376 terminatio
1112 2315 1191 2376 sit
1232 2319 1361 2387 ter,
1426 2329 1549 2374 non
1601 2331 1636 2374 e
1648 2331 1672 2385 ‚·
1743 2318 1976 2373 centum
2028 2311 2216 2374 millia
2254 2328 2531 2373 nummo·-

356 2440 512 2498 rum,
555 2440 677 2484 non
702 2440 1017 2500 nummum,
1056 2424 1157 2502 qui
1188 2423 1264 2484 sit
1293 2422 1673 2484 accusativus
1700 2438 1876 2484 casus
1900 2420 2250 2503 singulariS,
2281 2420 2533 2495 eadem-

358 2547 474 2611 que
517 2526 593 2591 de
637 2548 819 2593 causa
863 2531 1014 2610 fides
1053 2531 1322 2593 Deorum
1362 2548 1484 2592 non
1524 2530 1762 2603 Deum3
1804 2531 2200 2609 noncaldus,
2237 2529 2349 2592 sed
2379 2547 2535 2592 con..

356 2644 447 2699 tra
482 2639 975 2711 consuetudinem
1016 2638 1174 2702 illius
1214 2639 1425 2700 aetatis
1469 2638 1723 2716 calidus,
1766 2644 1830 2700 ut
1868 2641 1947 2701 sit
1985 2638 2176 2701 simile
2220 2637 2533 2703 adiectivis

358 2745 610 2825 tepidus,
650 2746 929 2827 sriyidus.
1013 2747 1226 2826 „Atqui
1268 2746 1425 2808 hanc
1466 2746 1704 2828 quidam
1749 2725 2123 2827 ὀρθοέπε-ιαν
2180 2746 2371 2808 solam
2414 2763 2531 2827 pu-

354 2861 502 2940 tant,
539 2873 712 2936 quam
755 2872 874 2935 ego
917 2855 1157 2917 minime
1196 2854 1472 2917 exclud0.
1562 2853 1717 2928 Quid
1756 2855 1912 2915 enim
1953 2860 2070 2915 tam
2101 2855 2529 2931 necessarium,

359 2980 532 3042 quarn
576 2969 745 3026 recta
791 2963 1070 3026 locutio?
1155 2964 1338 3025 Immo
1387 2963 1819 3026 inhaerendum
1862 2962 1920 3024 ei
1964 2962 2164 3025 iudico
2211 2961 2409 3043 quoad
2454 2962 2535 3024 li-

360 3077 490 3149 cet,
553 3070 656 3133 diu
709 3072 886 3133 etiam
949 3071 1308 3135 mutantibus
1368 3070 1857 3152 repugnandum3
1914 3070 2024 3132 sed
2070 3070 2292 3135 abolita
2352 3076 2533 3150 atque

357 3177 648 3259 abrogata
674 3181 933 3241 retinere
961 3180 1319 3243 insolentiae
1363 3179 1674 3242 cuiusdam
1715 3185 1808 3242 est
1845 3185 1906 3241 et
1943 3178 2196 3242 frivolae
2237 3181 2298 3241 in
2328 3181 2533 3259 parvis

350 3288 734 3350 iactantiae;“
757 3324 838 3336 —
864 3288 1122 3350 Fuerunt
1162 3290 1364 3369 igitur,
1404 3290 1505 3368 qui
1545 3288 1852 3368 vulgarem
1893 3286 2134 3350 dicendi
2172 3305 2342 3350 usum
2380 3288 2533 3348 reii-

358 3396 588 3457 cientes
633 3393 828 3456 multis
873 3378 935 3455 in
992 3397 1244 3457 vocibus
1306 3402 1368 3458 et
1423 3396 1825 3459 locutionibus
1875 3413 1950 3457 ea
2009 3376 2530 3476 amplecterentur,

357 3521 511 3584 quae
554 3520 634 3565 ex
676 3501 926 3565 aliorum
974 3504 1420 3585 comparatione
1463 3505 1560 3566 vel
1601 3522 1679 3567 ex
1721 3504 1933 3592 etymis
1974 3509 2140 3565 recta
2187 3508 2531 3577 censerent,

358 3610 569 3673 eadem
632 3612 1216 3692 prorsus·ratione‚
1281 3631 1396 3694 qua
1464 3616 1800 3675 etiamnunc
1860 3617 2102 3674 utuntur
2164 3611 2265 3690 qui
2328 3609 2536 3691 putida

361 3719 617 3799 quadam
667 3720 973 3801 diligentia
1021 3720 1131 3782 der
1172 3720 1357 3783 mittle
1401 3722 1608 3786 dicunt
1649 3720 1749 3783 vel
1792 3718 2282 3801 Reliyionlehrer.
2366 3718 2539 3781 Hanc

358 3844 504 3889 vero
547 3827 826 3890 dicebant
865 3828 1256 3908 ὄρθοὲπειαν.
1341 3830 1471 3893 Duo
1521 3829 1700 3910 igitur
1758 3845 1934 3909 quum
1986 3828 2252 3889 norimus
2310 3822 2538 3907 ὄρθοε-

355 3937 537 4006 πειάς
581 3952 845 4016 genera,
885 3954 1082 4018 neque
1124 3938 1442 4020 quidquam
1490 3939 1552 3999 in
1599 3938 1965 4018 Protagorae
2006 3936 2218 3998 studiis
2257 3936 2539 3997 invenia-

356 4047 486 4119 tur,
525 4042 685 4122 quod
735 4062 869 4107 cum
921 4052 1123 4127 priore
1168 4048 1265 4110 illa
1313 4040 1651 4131 ὄρθοεπείᾳ
1693 4047 2030 4126 comparari
2076 4050 2294 4125 queat,
2358 4044 2536 4106 alteri

357 4151 571 4231 generi
629 4151 979 4216 simillimam
1044 4173 1182 4221 esse
1245 4156 1613 4236 Protagorae
1675 4152 2044 4234 disciplinam
2111 4170 2286 4234 quam
2351 4150 2535 4214 modo

362 4260 746 4323 tractavimus
790 4263 1086 4325 neminem
1132 4264 1297 4347 fugit.
1383 4263 1441 4329 ls
1471 4279 1711 4344 quoque
1733 4262 2040 4344 vulgarem
2085 4260 2326 4323 dicendi
2364 4275 2536 4320 usum

364 4383 437 4428 ac
497 4367 988 4433 consuetudinem
1046 4371 1255 4436 falsam
1321 4371 1534 4438 dicens
1589 4371 1649 4434 in
1708 4366 1890 4435 rebus
1959 4368 2119 4434 haud
2180 4369 2263 4430 ita
2328 4365 2536 4448 paucis
