<?xml version="1.0" encoding="UTF-8"?>
<!DOCTYPE html PUBLIC "-//W3C//DTD XHTML 1.0 Transitional//EN"
    "http://www.w3.org/TR/xhtml1/DTD/xhtml1-transitional.dtd">
<html xmlns="http://www.w3.org/1999/xhtml" xml:lang="en" lang="en">
 <head>
  <title>
</title>
<meta http-equiv="Content-Type" content="text/html;charset=utf-8" />
  <meta name='ocr-system' content='tesseract 3.04.00' />
  <meta name='ocr-capabilities' content='ocr_page ocr_carea ocr_par ocr_line ocrx_word'/>
</head>
<body>
  <div class='ocr_page' id='page_1' title='image "./quaestionesprot00freigoog_0069.png"; bbox 0 0 2975 4959; ppageno 0'>
   <div class='ocr_carea' id='block_1_1' title="bbox 1221 285 1709 363">
    <p class='ocr_par' dir='ltr' id='par_1_1' title="bbox 1221 285 1709 363">
     <span class='ocr_line' id='line_1_1' title="bbox 1221 285 1709 363; baseline -0.01 -16"><span class='ocrx_word' id='word_1_1' title='bbox 1221 285 1709 363; x_wconf 42' lang='lat'><strong>*57*</strong></span> 
     </span>
    </p>
   </div>
   <div class='ocr_carea' id='block_1_2' title="bbox 275 472 2577 554">
    <p class='ocr_par' dir='ltr' id='par_1_2' title="bbox 275 472 2577 554">
     <span class='ocr_line' id='line_1_2' title="bbox 275 472 2577 554; baseline 0 -14"><span class='ocrx_word' id='word_1_2' title='bbox 275 477 285 540; x_wconf 81' lang='grc' dir='ltr'>ἶ</span> <span class='ocrx_word' id='word_1_3' title='bbox 406 489 675 536; x_wconf 83' lang='lat' dir='ltr'><strong>errorem</strong></span> <span class='ocrx_word' id='word_1_4' title='bbox 721 474 779 535; x_wconf 88' lang='lat' dir='ltr'><strong>ei</strong></span> <span class='ocrx_word' id='word_1_5' title='bbox 817 473 1027 553; x_wconf 85' lang='lat' dir='ltr'><strong>viginti</strong></span> <span class='ocrx_word' id='word_1_6' title='bbox 1072 490 1359 535; x_wconf 86' lang='lat' dir='ltr'><strong>annorum</strong></span> <span class='ocrx_word' id='word_1_7' title='bbox 1403 474 1693 553; x_wconf 83' lang='lat' dir='ltr'><strong>imputare</strong></span> <span class='ocrx_word' id='word_1_8' title='bbox 1735 472 1999 537; x_wconf 73' lang='lat' dir='ltr'><strong>audeat?</strong></span> <span class='ocrx_word' id='word_1_9' title='bbox 2080 474 2285 554; x_wconf 83' lang='lat' dir='ltr'><strong>Neque</strong></span> <span class='ocrx_word' id='word_1_10' title='bbox 2330 475 2577 540; x_wconf 86' lang='lat' dir='ltr'><strong>omnino</strong></span> 
     </span>
    </p>
   </div>
   <div class='ocr_carea' id='block_1_3' title="bbox 404 562 2570 667">
    <p class='ocr_par' dir='ltr' id='par_1_3' title="bbox 404 562 2570 667">
     <span class='ocr_line' id='line_1_3' title="bbox 404 562 2570 667; baseline 0.003 -24"><span class='ocrx_word' id='word_1_11' title='bbox 404 599 483 644; x_wconf 87' lang='lat' dir='ltr'><strong>ex</strong></span> <span class='ocrx_word' id='word_1_12' title='bbox 525 581 662 644; x_wconf 89' lang='lat' dir='ltr'><strong>loco</strong></span> <span class='ocrx_word' id='word_1_13' title='bbox 707 582 924 662; x_wconf 88' lang='lat' dir='ltr'><strong>dequo</strong></span> <span class='ocrx_word' id='word_1_14' title='bbox 970 562 1164 667; x_wconf 76' lang='lat' dir='ltr'><strong>agitur</strong></span> <span class='ocrx_word' id='word_1_15' title='bbox 1210 583 1329 644; x_wconf 89' lang='lat' dir='ltr'><strong>hoc</strong></span> <span class='ocrx_word' id='word_1_16' title='bbox 1374 583 1577 664; x_wconf 84' lang='lat' dir='ltr'>colligi</span> <span class='ocrx_word' id='word_1_17' title='bbox 1621 589 1835 663; x_wconf 85' lang='lat' dir='ltr'><strong>potest.</strong></span> <span class='ocrx_word' id='word_1_18' title='bbox 1882 583 2017 645; x_wconf 87' lang='lat' dir='ltr'><strong>Non</strong></span> <span class='ocrx_word' id='word_1_19' title='bbox 2061 584 2217 643; x_wconf 85' lang='lat' dir='ltr'><strong>enim</strong></span> <span class='ocrx_word' id='word_1_20' title='bbox 2259 584 2388 663; x_wconf 84' lang='lat' dir='ltr'><strong>ipse</strong></span> <span class='ocrx_word' id='word_1_21' title='bbox 2406 583 2570 649; x_wconf 81' lang='lat' dir='ltr'><strong>Plato</strong></span> 
     </span>
    </p>
   </div>
   <div class='ocr_carea' id='block_1_4' title="bbox 376 682 2576 773">
    <p class='ocr_par' dir='ltr' id='par_1_4' title="bbox 376 682 2576 773">
     <span class='ocr_line' id='line_1_4' title="bbox 376 682 2576 773; baseline 0.002 -23"><span class='ocrx_word' id='word_1_22' title='bbox 376 682 585 768; x_wconf 54' lang='lat' dir='ltr'><strong>olum</strong></span> <span class='ocrx_word' id='word_1_23' title='bbox 629 691 753 767; x_wconf 88' lang='lat' dir='ltr'><strong>ait,</strong></span> <span class='ocrx_word' id='word_1_24' title='bbox 793 690 901 752; x_wconf 91' lang='lat' dir='ltr'><strong>sed</strong></span> <span class='ocrx_word' id='word_1_25' title='bbox 932 691 1250 754; x_wconf 57' lang='lat' dir='ltr'><strong>,Socratem</strong></span> <span class='ocrx_word' id='word_1_26' title='bbox 1293 690 1406 753; x_wconf 89' lang='lat' dir='ltr'><strong>hac</strong></span> <span class='ocrx_word' id='word_1_27' title='bbox 1451 692 1735 772; x_wconf 84' lang='lat' dir='ltr'><strong>loquendi</strong></span> <span class='ocrx_word' id='word_1_28' title='bbox 1774 691 1964 754; x_wconf 81' lang='lat' dir='ltr'><strong>forma</strong></span> <span class='ocrx_word' id='word_1_29' title='bbox 2010 710 2177 754; x_wconf 89' lang='lat' dir='ltr'><strong>usum</strong></span> <span class='ocrx_word' id='word_1_30' title='bbox 2220 691 2391 753; x_wconf 63' lang='lat' dir='ltr'><strong>facin</strong></span> <span class='ocrx_word' id='word_1_31' title='bbox 2445 692 2576 773; x_wconf 88' lang='lat' dir='ltr'><strong>ipse</strong></span> 
     </span>
    </p>
   </div>
   <div class='ocr_carea' id='block_1_5' title="bbox 389 799 2576 1855">
    <p class='ocr_par' dir='ltr' id='par_1_5' title="bbox 389 799 2576 1855">
     <span class='ocr_line' id='line_1_5' title="bbox 401 799 2576 879; baseline 0.001 -18"><span class='ocrx_word' id='word_1_32' title='bbox 401 816 530 861; x_wconf 89' lang='lat' dir='ltr'><strong>rem</strong></span> <span class='ocrx_word' id='word_1_33' title='bbox 568 800 718 861; x_wconf 85' lang='lat' dir='ltr'><strong>satis</strong></span> <span class='ocrx_word' id='word_1_34' title='bbox 761 801 927 861; x_wconf 79' lang='lat' dir='ltr'><strong>certo</strong></span> <span class='ocrx_word' id='word_1_35' title='bbox 973 800 1239 862; x_wconf 86' lang='lat' dir='ltr'><strong>tenebat.</strong></span> <span class='ocrx_word' id='word_1_36' title='bbox 1324 799 1755 879; x_wconf 84' lang='lat' dir='ltr'><strong>Apollodorum</strong></span> <span class='ocrx_word' id='word_1_37' title='bbox 1800 817 1949 862; x_wconf 85' lang='lat' dir='ltr'><strong>vero</strong></span> <span class='ocrx_word' id='word_1_38' title='bbox 2012 816 2133 861; x_wconf 86' lang='lat' dir='ltr'><strong>non</strong></span> <span class='ocrx_word' id='word_1_39' title='bbox 2176 800 2434 866; x_wconf 81' lang='lat' dir='ltr'><strong>Platonis</strong></span> <span class='ocrx_word' id='word_1_40' title='bbox 2475 800 2576 863; x_wconf 84' lang='lat' dir='ltr'><strong>lo·-</strong></span> 
     </span>
     <span class='ocr_line' id='line_1_6' title="bbox 404 905 2574 989; baseline 0 -20"><span class='ocrx_word' id='word_1_41' title='bbox 404 924 539 969; x_wconf 86' lang='lat' dir='ltr'><strong>cum</strong></span> <span class='ocrx_word' id='word_1_42' title='bbox 579 905 928 968; x_wconf 81' lang='lat' dir='ltr'><strong>exscribere</strong></span> <span class='ocrx_word' id='word_1_43' title='bbox 984 908 1130 970; x_wconf 73' lang='lat' dir='ltr'><strong>satis</strong></span> <span class='ocrx_word' id='word_1_44' title='bbox 1176 907 1489 986; x_wconf 81' lang='lat' dir='ltr'><strong>hahuisse,</strong></span> <span class='ocrx_word' id='word_1_45' title='bbox 1552 907 1661 969; x_wconf 89' lang='lat' dir='ltr'><strong>sed</strong></span> <span class='ocrx_word' id='word_1_46' title='bbox 1706 908 1882 970; x_wconf 86' lang='lat' dir='ltr'><strong>etiam</strong></span> <span class='ocrx_word' id='word_1_47' title='bbox 1925 906 2077 969; x_wconf 84' lang='lat' dir='ltr'><strong>alios</strong></span> <span class='ocrx_word' id='word_1_48' title='bbox 2128 908 2574 989; x_wconf 78' lang='lat' dir='ltr'><strong>pervestigasse</strong></span> 
     </span>
     <span class='ocr_line' id='line_1_7' title="bbox 397 1007 2576 1095; baseline 0 -19"><span class='ocrx_word' id='word_1_49' title='bbox 397 1015 724 1093; x_wconf 76' lang='lat' dir='ltr'><strong>scriptores</strong></span> <span class='ocrx_word' id='word_1_50' title='bbox 764 1014 905 1079; x_wconf 88' lang='lat' dir='ltr'><strong>inde</strong></span> <span class='ocrx_word' id='word_1_51' title='bbox 949 1007 1233 1095; x_wconf 82' lang='lat' dir='ltr'><strong>apparet,</strong></span> <span class='ocrx_word' id='word_1_52' title='bbox 1293 1015 1453 1094; x_wconf 84' lang='lat' dir='ltr'><strong>quod</strong></span> <span class='ocrx_word' id='word_1_53' title='bbox 1500 1032 1636 1081; x_wconf 82' lang='lat' dir='ltr'><strong>non·</strong></span> <span class='ocrx_word' id='word_1_54' title='bbox 1665 1021 1887 1077; x_wconf 80' lang='lat' dir='ltr'><strong>tantum</strong></span> <span class='ocrx_word' id='word_1_55' title='bbox 1928 1015 2187 1077; x_wconf 79' lang='lat' dir='ltr'><strong>Platonis</strong></span> <span class='ocrx_word' id='word_1_56' title='bbox 2239 1014 2314 1076; x_wconf 92' lang='lat' dir='ltr'><strong>de</strong></span> <span class='ocrx_word' id='word_1_57' title='bbox 2361 1015 2576 1077; x_wconf 64' lang='lat' dir='ltr'><strong>Prota»-</strong></span> 
     </span>
     <span class='ocr_line' id='line_1_8' title="bbox 393 1121 2574 1203; baseline 0 -20"><span class='ocrx_word' id='word_1_58' title='bbox 393 1139 583 1203; x_wconf 85' lang='lat' dir='ltr'><strong>gorae</strong></span> <span class='ocrx_word' id='word_1_59' title='bbox 632 1129 826 1184; x_wconf 84' lang='lat' dir='ltr'><strong>aetate</strong></span> <span class='ocrx_word' id='word_1_60' title='bbox 862 1122 1218 1200; x_wconf 87' lang='lat' dir='ltr'><strong>testimonia,</strong></span> <span class='ocrx_word' id='word_1_61' title='bbox 1261 1122 1368 1184; x_wconf 90' lang='lat' dir='ltr'><strong>sed</strong></span> <span class='ocrx_word' id='word_1_62' title='bbox 1414 1123 1591 1183; x_wconf 87' lang='lat' dir='ltr'><strong>etiam</strong></span> <span class='ocrx_word' id='word_1_63' title='bbox 1634 1140 1786 1202; x_wconf 92' lang='lat' dir='ltr'><strong>quae</strong></span> <span class='ocrx_word' id='word_1_64' title='bbox 1809 1121 2057 1190; x_wconf 84' lang='lat' dir='ltr'><strong>aliorum</strong></span> <span class='ocrx_word' id='word_1_65' title='bbox 2097 1122 2428 1200; x_wconf 86' lang='lat' dir='ltr'><strong>invenerat,</strong></span> <span class='ocrx_word' id='word_1_66' title='bbox 2470 1122 2574 1190; x_wconf 78' lang='lat' dir='ltr'><strong>tit.-</strong></span> 
     </span>
     <span class='ocr_line' id='line_1_9' title="bbox 397 1229 2573 1317; baseline 0.001 -26"><span class='ocrx_word' id='word_1_67' title='bbox 397 1231 544 1291; x_wconf 81' lang='lat' dir='ltr'><strong>teris</strong></span> <span class='ocrx_word' id='word_1_68' title='bbox 599 1230 920 1296; x_wconf 84' lang='lat' dir='ltr'><strong>mandavit.</strong></span> <span class='ocrx_word' id='word_1_69' title='bbox 1022 1230 1426 1312; x_wconf 88' lang='lat' dir='ltr'><strong>Quoscunque</strong></span> <span class='ocrx_word' id='word_1_70' title='bbox 1495 1231 1677 1317; x_wconf 85' lang='lat' dir='ltr'><strong>igitur</strong></span> <span class='ocrx_word' id='word_1_71' title='bbox 1739 1229 2036 1293; x_wconf 85' lang='lat' dir='ltr'><strong>consuluit</strong></span> <span class='ocrx_word' id='word_1_72' title='bbox 2093 1236 2412 1306; x_wconf 83' lang='lat' dir='ltr'><strong>auctores,</strong></span> <span class='ocrx_word' id='word_1_73' title='bbox 2472 1235 2573 1294; x_wconf 76' lang='lat' dir='ltr'><strong>aut</strong></span> 
     </span>
     <span class='ocr_line' id='line_1_10' title="bbox 403 1338 2573 1420; baseline -0 -20"><span class='ocrx_word' id='word_1_74' title='bbox 403 1340 464 1400; x_wconf 86' lang='lat' dir='ltr'><strong>in</strong></span> <span class='ocrx_word' id='word_1_75' title='bbox 510 1340 885 1420; x_wconf 74' lang='lat' dir='ltr'><strong>septuaginta</strong></span> <span class='ocrx_word' id='word_1_76' title='bbox 932 1339 1122 1401; x_wconf 58' lang='lat' dir='ltr'><strong>⁴anuis</strong></span> <span class='ocrx_word' id='word_1_77' title='bbox 1181 1346 1654 1414; x_wconf 81' lang='lat' dir='ltr'><strong>consenserunt,</strong></span> <span class='ocrx_word' id='word_1_78' title='bbox 1705 1345 1805 1399; x_wconf 85' lang='lat' dir='ltr'><strong>aut</strong></span> <span class='ocrx_word' id='word_1_79' title='bbox 1859 1339 1935 1401; x_wconf 88' lang='lat' dir='ltr'><strong>ita</strong></span> <span class='ocrx_word' id='word_1_80' title='bbox 1997 1338 2448 1418; x_wconf 73' lang='lat' dir='ltr'><strong>discreparant,</strong></span> <span class='ocrx_word' id='word_1_81' title='bbox 2508 1344 2573 1400; x_wconf 82' lang='lat' dir='ltr'><strong>ut</strong></span> 
     </span>
     <span class='ocr_line' id='line_1_11' title="bbox 398 1446 2574 1529; baseline -0 -20"><span class='ocrx_word' id='word_1_82' title='bbox 398 1446 791 1528; x_wconf 73' lang='lat' dir='ltr'><strong>Apollodoro,</strong></span> <span class='ocrx_word' id='word_1_83' title='bbox 831 1448 926 1509; x_wconf 84' lang='lat' dir='ltr'><strong>oui</strong></span> <span class='ocrx_word' id='word_1_84' title='bbox 967 1447 1100 1508; x_wconf 78' lang='lat' dir='ltr'><strong>sine</strong></span> <span class='ocrx_word' id='word_1_85' title='bbox 1139 1447 1424 1529; x_wconf 80' lang='lat' dir='ltr'><strong>graviore</strong></span> <span class='ocrx_word' id='word_1_86' title='bbox 1455 1464 1638 1509; x_wconf 85' lang='lat' dir='ltr'><strong>causa</strong></span> <span class='ocrx_word' id='word_1_87' title='bbox 1668 1447 1843 1509; x_wconf 83' lang='lat' dir='ltr'><strong>fidem</strong></span> <span class='ocrx_word' id='word_1_88' title='bbox 1886 1447 2188 1528; x_wconf 83' lang='lat' dir='ltr'><strong>derogare</strong></span> <span class='ocrx_word' id='word_1_89' title='bbox 2221 1464 2345 1508; x_wconf 85' lang='lat' dir='ltr'><strong>non</strong></span> <span class='ocrx_word' id='word_1_90' title='bbox 2384 1446 2574 1508; x_wconf 88' lang='lat' dir='ltr'><strong>licere</strong></span> 
     </span>
     <span class='ocr_line' id='line_1_12' title="bbox 390 1554 2568 1636; baseline -0.001 -19"><span class='ocrx_word' id='word_1_91' title='bbox 390 1562 671 1633; x_wconf 85' lang='lat' dir='ltr'><strong>constat,</strong></span> <span class='ocrx_word' id='word_1_92' title='bbox 712 1555 854 1617; x_wconf 84' lang='lat' dir='ltr'><strong>illud</strong></span> <span class='ocrx_word' id='word_1_93' title='bbox 895 1556 1201 1618; x_wconf 90' lang='lat' dir='ltr'><strong>videretur</strong></span> <span class='ocrx_word' id='word_1_94' title='bbox 1240 1556 1368 1618; x_wconf 90' lang='lat' dir='ltr'><strong>veri</strong></span> <span class='ocrx_word' id='word_1_95' title='bbox 1408 1555 1779 1617; x_wconf 86' lang='lat' dir='ltr'><strong>simillimum.</strong></span> <span class='ocrx_word' id='word_1_96' title='bbox 1827 1595 1906 1614; x_wconf 76' lang='lat'><strong>--</strong></span> <span class='ocrx_word' id='word_1_97' title='bbox 1948 1555 2068 1618; x_wconf 91' lang='lat' dir='ltr'><strong>Sed</strong></span> <span class='ocrx_word' id='word_1_98' title='bbox 2105 1555 2413 1636; x_wconf 84' lang='lat' dir='ltr'><strong>singulare</strong></span> <span class='ocrx_word' id='word_1_99' title='bbox 2449 1554 2568 1615; x_wconf 79' lang='lat' dir='ltr'><strong>ali·-</strong></span> 
     </span>
     <span class='ocr_line' id='line_1_13' title="bbox 390 1662 2561 1745; baseline -0 -19"><span class='ocrx_word' id='word_1_100' title='bbox 390 1664 533 1745; x_wconf 88' lang='lat' dir='ltr'><strong>quid</strong></span> <span class='ocrx_word' id='word_1_101' title='bbox 579 1664 750 1726; x_wconf 83' lang='lat' dir='ltr'><strong>affert</strong></span> <span class='ocrx_word' id='word_1_102' title='bbox 805 1664 1116 1727; x_wconf 85' lang='lat' dir='ltr'><strong>Herhstius</strong></span> <span class='ocrx_word' id='word_1_103' title='bbox 1146 1710 1164 1743; x_wconf 92' lang='lat'><strong>,</strong></span> <span class='ocrx_word' id='word_1_104' title='bbox 1234 1682 1343 1727; x_wconf 81' lang='lat' dir='ltr'><strong>cur</strong></span> <span class='ocrx_word' id='word_1_105' title='bbox 1401 1664 1631 1726; x_wconf 84' lang='lat' dir='ltr'><strong>Platoni</strong></span> <span class='ocrx_word' id='word_1_106' title='bbox 1689 1664 1810 1726; x_wconf 87' lang='lat' dir='ltr'><strong>hoc</strong></span> <span class='ocrx_word' id='word_1_107' title='bbox 1856 1662 1995 1726; x_wconf 91' lang='lat' dir='ltr'><strong>loco</strong></span> <span class='ocrx_word' id='word_1_108' title='bbox 2044 1663 2212 1725; x_wconf 89' lang='lat' dir='ltr'><strong>credi</strong></span> <span class='ocrx_word' id='word_1_109' title='bbox 2271 1670 2561 1744; x_wconf 77' lang='lat' dir='ltr'><strong>nequeat:</strong></span> 
     </span>
     <span class='ocr_line' id='line_1_14' title="bbox 389 1769 2565 1855; baseline -0 -21"><span class='ocrx_word' id='word_1_110' title='bbox 389 1774 725 1855; x_wconf 59' lang='lat' dir='ltr'><strong>pugnantia*</strong></span> <span class='ocrx_word' id='word_1_111' title='bbox 752 1774 985 1835; x_wconf 85' lang='lat' dir='ltr'><strong>seilicet</strong></span> <span class='ocrx_word' id='word_1_112' title='bbox 1025 1773 1184 1834; x_wconf 87' lang='lat' dir='ltr'><strong>illum</strong></span> <span class='ocrx_word' id='word_1_113' title='bbox 1222 1772 1402 1852; x_wconf 84' lang='lat' dir='ltr'><strong>loqui.</strong></span> <span class='ocrx_word' id='word_1_114' title='bbox 1488 1775 1748 1852; x_wconf 80' lang='lat' dir='ltr'><strong>„Denn&lt;‘‚</strong></span> <span class='ocrx_word' id='word_1_115' title='bbox 1792 1773 1979 1852; x_wconf 85' lang='lat' dir='ltr'><strong>inquit</strong></span> <span class='ocrx_word' id='word_1_116' title='bbox 2012 1790 2148 1853; x_wconf 80' lang='lat' dir='ltr'><strong>pag.</strong></span> <span class='ocrx_word' id='word_1_117' title='bbox 2179 1771 2319 1848; x_wconf 76' lang='lat'>102,</span> <span class='ocrx_word' id='word_1_118' title='bbox 2358 1769 2565 1851; x_wconf 82' lang='lat' dir='ltr'><strong>„sollte</strong></span> 
     </span>
    </p>
   </div>
   <div class='ocr_carea' id='block_1_6' title="bbox 318 1880 2564 1962">
    <p class='ocr_par' dir='ltr' id='par_1_6' title="bbox 318 1880 2564 1962">
     <span class='ocr_line' id='line_1_15' title="bbox 318 1880 2564 1962; baseline -0.002 -16"><span class='ocrx_word' id='word_1_119' title='bbox 318 1911 331 1926; x_wconf 57' lang='grc' dir='ltr'><em>ν</em></span> <span class='ocrx_word' id='word_1_120' title='bbox 385 1881 747 1962; x_wconf 82' lang='lat' dir='ltr'><strong>Protagoras</strong></span> <span class='ocrx_word' id='word_1_121' title='bbox 786 1897 901 1948; x_wconf 86' lang='lat' dir='ltr'><strong>nur</strong></span> <span class='ocrx_word' id='word_1_122' title='bbox 939 1881 1047 1943; x_wconf 89' lang='lat' dir='ltr'><strong>das</strong></span> <span class='ocrx_word' id='word_1_123' title='bbox 1067 1882 1450 1945; x_wconf 83' lang='lat' dir='ltr'><strong>Socratische</strong></span> <span class='ocrx_word' id='word_1_124' title='bbox 1467 1881 1638 1944; x_wconf 85' lang='lat' dir='ltr'><strong>Alter</strong></span> <span class='ocrx_word' id='word_1_125' title='bbox 1676 1880 1940 1943; x_wconf 87' lang='lat' dir='ltr'><strong>erreicht</strong></span> <span class='ocrx_word' id='word_1_126' title='bbox 1979 1880 2195 1960; x_wconf 85' lang='lat' dir='ltr'><strong>haben,</strong></span> <span class='ocrx_word' id='word_1_127' title='bbox 2238 1897 2312 1942; x_wconf 90' lang='lat' dir='ltr'><strong>so</strong></span> <span class='ocrx_word' id='word_1_128' title='bbox 2340 1883 2564 1948; x_wconf 75' lang='lat' dir='ltr'><strong>mfisste</strong></span> 
     </span>
    </p>
   </div>
   <div class='ocr_carea' id='block_1_7' title="bbox 367 1986 2565 4452">
    <p class='ocr_par' dir='ltr' id='par_1_7' title="bbox 371 1986 2565 3998">
     <span class='ocr_line' id='line_1_16' title="bbox 388 1986 2565 2071; baseline -0.001 -20"><span class='ocrx_word' id='word_1_129' title='bbox 388 2006 459 2053; x_wconf 89' lang='lat' dir='ltr'><strong>er</strong></span> <span class='ocrx_word' id='word_1_130' title='bbox 515 1990 708 2052; x_wconf 86' lang='lat' dir='ltr'><strong>sehon</strong></span> <span class='ocrx_word' id='word_1_131' title='bbox 765 2009 862 2052; x_wconf 88' lang='lat' dir='ltr'><strong>um</strong></span> <span class='ocrx_word' id='word_1_132' title='bbox 901 1989 1023 2051; x_wconf 78' lang='lat'><strong>420</strong></span> <span class='ocrx_word' id='word_1_133' title='bbox 1068 2008 1142 2051; x_wconf 88' lang='lat' dir='ltr'><strong>zu</strong></span> <span class='ocrx_word' id='word_1_134' title='bbox 1196 1990 1314 2050; x_wconf 85' lang='lat' dir='ltr'><strong>den</strong></span> <span class='ocrx_word' id='word_1_135' title='bbox 1355 1990 1585 2051; x_wconf 86' lang='lat' dir='ltr'><strong>Todten</strong></span> <span class='ocrx_word' id='word_1_136' title='bbox 1646 2008 1970 2071; x_wconf 85' lang='lat' dir='ltr'><strong>gegangen</strong></span> <span class='ocrx_word' id='word_1_137' title='bbox 2015 1989 2187 2051; x_wconf 87' lang='lat' dir='ltr'><strong>sein:</strong></span> <span class='ocrx_word' id='word_1_138' title='bbox 2249 1990 2387 2049; x_wconf 91' lang='lat' dir='ltr'><strong>eine</strong></span> <span class='ocrx_word' id='word_1_139' title='bbox 2429 1986 2565 2051; x_wconf 77' lang='lat' dir='ltr'><strong>An·-</strong></span> 
     </span>
     <span class='ocr_line' id='line_1_17' title="bbox 388 2095 2563 2176; baseline -0.001 -17"><span class='ocrx_word' id='word_1_140' title='bbox 388 2096 646 2174; x_wconf 90' lang='lat' dir='ltr'><strong>nahme,</strong></span> <span class='ocrx_word' id='word_1_141' title='bbox 687 2098 787 2159; x_wconf 89' lang='lat' dir='ltr'><strong>die</strong></span> <span class='ocrx_word' id='word_1_142' title='bbox 823 2098 954 2158; x_wconf 90' lang='lat' dir='ltr'><strong>sich</strong></span> <span class='ocrx_word' id='word_1_143' title='bbox 1013 2096 1337 2158; x_wconf 85' lang='lat' dir='ltr'><strong>wiederum</strong></span> <span class='ocrx_word' id='word_1_144' title='bbox 1395 2097 1498 2158; x_wconf 87' lang='lat' dir='ltr'><strong>mit</strong></span> <span class='ocrx_word' id='word_1_145' title='bbox 1547 2098 1728 2176; x_wconf 89' lang='lat' dir='ltr'><strong>jener</strong></span> <span class='ocrx_word' id='word_1_146' title='bbox 1784 2099 1990 2158; x_wconf 90' lang='lat' dir='ltr'><strong>seiner</strong></span> <span class='ocrx_word' id='word_1_147' title='bbox 2050 2095 2563 2176; x_wconf 70' lang='lat' dir='ltr'><strong>vierzigjahrigen</strong></span> 
     </span>
     <span class='ocr_line' id='line_1_18' title="bbox 382 2202 2560 2270; baseline -0.002 -2"><span class='ocrx_word' id='word_1_148' title='bbox 382 2204 592 2268; x_wconf 78' lang='lat' dir='ltr'><strong>Bluthe</strong></span> <span class='ocrx_word' id='word_1_149' title='bbox 653 2206 759 2268; x_wconf 80' lang='lat' dir='ltr'><strong>auf</strong></span> <span class='ocrx_word' id='word_1_150' title='bbox 790 2206 969 2270; x_wconf 90' lang='lat' dir='ltr'><strong>keine</strong></span> <span class='ocrx_word' id='word_1_151' title='bbox 1020 2206 1228 2267; x_wconf 91' lang='lat' dir='ltr'><strong>Weise</strong></span> <span class='ocrx_word' id='word_1_152' title='bbox 1295 2203 1628 2267; x_wconf 84' lang='lat' dir='ltr'><strong>verbinden</strong></span> <span class='ocrx_word' id='word_1_153' title='bbox 1666 2204 1831 2269; x_wconf 74' lang='lat' dir='ltr'><strong>lasst.</strong></span> <span class='ocrx_word' id='word_1_154' title='bbox 1916 2205 2072 2266; x_wconf 91' lang='lat' dir='ltr'><strong>Dass</strong></span> <span class='ocrx_word' id='word_1_155' title='bbox 2129 2202 2227 2264; x_wconf 91' lang='lat' dir='ltr'><strong>ich</strong></span> <span class='ocrx_word' id='word_1_156' title='bbox 2265 2203 2435 2264; x_wconf 78' lang='lat' dir='ltr'><strong>-aher</strong></span> <span class='ocrx_word' id='word_1_157' title='bbox 2498 2203 2560 2264; x_wconf 89' lang='lat' dir='ltr'><strong>in</strong></span> 
     </span>
     <span class='ocr_line' id='line_1_19' title="bbox 383 2311 2557 2393; baseline -0.002 -19"><span class='ocrx_word' id='word_1_158' title='bbox 383 2313 500 2375; x_wconf 85' lang='lat' dir='ltr'><strong>den</strong></span> <span class='ocrx_word' id='word_1_159' title='bbox 542 2313 793 2374; x_wconf 90' lang='lat' dir='ltr'><strong>Worten</strong></span> <span class='ocrx_word' id='word_1_160' title='bbox 834 2312 941 2374; x_wconf 91' lang='lat' dir='ltr'><strong>des</strong></span> <span class='ocrx_word' id='word_1_161' title='bbox 990 2313 1370 2393; x_wconf 48' lang='lat' dir='ltr'><strong>Protagora&amp;</strong></span> <span class='ocrx_word' id='word_1_162' title='bbox 1410 2330 1478 2373; x_wconf 93' lang='lat' dir='ltr'><strong>er</strong></span> <span class='ocrx_word' id='word_1_163' title='bbox 1520 2313 1720 2373; x_wconf 62' lang='lat' dir='ltr'><strong>kenne</strong></span> <span class='ocrx_word' id='word_1_164' title='bbox 1762 2312 1872 2372; x_wconf 85' lang='lat' dir='ltr'><strong>der</strong></span> <span class='ocrx_word' id='word_1_165' title='bbox 1907 2311 2090 2373; x_wconf 86' lang='lat' dir='ltr'><strong>Vater</strong></span> <span class='ocrx_word' id='word_1_166' title='bbox 2130 2311 2243 2375; x_wconf 81' lang='lat' dir='ltr'><strong>des</strong></span> <span class='ocrx_word' id='word_1_167' title='bbox 2271 2311 2557 2373; x_wconf 78' lang='lat' dir='ltr'><strong>Socrates</strong></span> 
     </span>
     <span class='ocr_line' id='line_1_20' title="bbox 378 2417 2558 2502; baseline -0.003 -18"><span class='ocrx_word' id='word_1_168' title='bbox 378 2422 530 2499; x_wconf 89' lang='lat' dir='ltr'><strong>sein,</strong></span> <span class='ocrx_word' id='word_1_169' title='bbox 576 2422 752 2482; x_wconf 85' lang='lat' dir='ltr'><strong>keine</strong></span> <span class='ocrx_word' id='word_1_170' title='bbox 793 2421 1284 2502; x_wconf 80' lang='lat' dir='ltr'><strong>Uehertreibung</strong></span> <span class='ocrx_word' id='word_1_171' title='bbox 1312 2420 1490 2498; x_wconf 86' lang='lat' dir='ltr'><strong>finde,</strong></span> <span class='ocrx_word' id='word_1_172' title='bbox 1542 2420 1649 2481; x_wconf 88' lang='lat' dir='ltr'><strong>das</strong></span> <span class='ocrx_word' id='word_1_173' title='bbox 1690 2421 1768 2482; x_wconf 88' lang='lat' dir='ltr'><strong>ist</strong></span> <span class='ocrx_word' id='word_1_174' title='bbox 1807 2420 1997 2482; x_wconf 88' lang='lat' dir='ltr'><strong>schon</strong></span> <span class='ocrx_word' id='word_1_175' title='bbox 2049 2417 2234 2481; x_wconf 87' lang='lat' dir='ltr'><strong>durch</strong></span> <span class='ocrx_word' id='word_1_176' title='bbox 2276 2417 2376 2479; x_wconf 91' lang='lat' dir='ltr'><strong>die</strong></span> <span class='ocrx_word' id='word_1_177' title='bbox 2421 2417 2558 2479; x_wconf 78' lang='lat' dir='ltr'><strong>l&#39;rii-</strong></span> 
     </span>
     <span class='ocr_line' id='line_1_21' title="bbox 377 2527 2556 2612; baseline -0 -21"><span class='ocrx_word' id='word_1_178' title='bbox 377 2528 564 2593; x_wconf 89' lang='lat' dir='ltr'><strong>heren</strong></span> <span class='ocrx_word' id='word_1_179' title='bbox 607 2530 826 2593; x_wconf 84' lang='lat' dir='ltr'><strong>Stellen</strong></span> <span class='ocrx_word' id='word_1_180' title='bbox 868 2548 1198 2612; x_wconf 85' lang='lat' dir='ltr'><strong>genugsam</strong></span> <span class='ocrx_word' id='word_1_181' title='bbox 1259 2530 1761 2612; x_wconf 81' lang='lat' dir='ltr'><strong>gerechtfertigt,</strong></span> <span class='ocrx_word' id='word_1_182' title='bbox 1823 2531 1945 2593; x_wconf 90' lang='lat' dir='ltr'><strong>und</strong></span> <span class='ocrx_word' id='word_1_183' title='bbox 2008 2530 2158 2593; x_wconf 85' lang='lat' dir='ltr'><strong>auch</strong></span> <span class='ocrx_word' id='word_1_184' title='bbox 2219 2527 2556 2591; x_wconf 89' lang='lat' dir='ltr'><strong>besonders</strong></span> 
     </span>
     <span class='ocr_line' id='line_1_22' title="bbox 380 2636 2555 2720; baseline -0.001 -20"><span class='ocrx_word' id='word_1_185' title='bbox 380 2638 540 2701; x_wconf 89' lang='lat' dir='ltr'><strong>noch</strong></span> <span class='ocrx_word' id='word_1_186' title='bbox 586 2637 773 2700; x_wconf 86' lang='lat' dir='ltr'><strong>durch</strong></span> <span class='ocrx_word' id='word_1_187' title='bbox 816 2639 915 2699; x_wconf 92' lang='lat' dir='ltr'><strong>die</strong></span> <span class='ocrx_word' id='word_1_188' title='bbox 957 2637 1102 2701; x_wconf 88' lang='lat' dir='ltr'><strong>kurz</strong></span> <span class='ocrx_word' id='word_1_189' title='bbox 1141 2639 1682 2720; x_wconf 83' lang='lat' dir='ltr'><strong>vorhergehenden</strong></span> <span class='ocrx_word' id='word_1_190' title='bbox 1728 2639 1980 2700; x_wconf 85' lang='lat' dir='ltr'><strong>Worte:</strong></span> <span class='ocrx_word' id='word_1_191' title='bbox 2037 2656 2106 2700; x_wconf 89' lang='lat' dir='ltr'><strong>er</strong></span> <span class='ocrx_word' id='word_1_192' title='bbox 2158 2636 2314 2699; x_wconf 80' lang='lat' dir='ltr'><strong>habe</strong></span> <span class='ocrx_word' id='word_1_193' title='bbox 2360 2636 2555 2698; x_wconf 89' lang='lat' dir='ltr'><strong>schon</strong></span> 
     </span>
     <span class='ocr_line' id='line_1_23' title="bbox 378 2742 2554 2828; baseline -0.001 -22"><span class='ocrx_word' id='word_1_194' title='bbox 378 2743 536 2806; x_wconf 83' lang='lat' dir='ltr'><strong>viele</strong></span> <span class='ocrx_word' id='word_1_195' title='bbox 577 2743 761 2806; x_wconf 85' lang='lat' dir='ltr'><strong>Jahre</strong></span> <span class='ocrx_word' id='word_1_196' title='bbox 808 2746 980 2807; x_wconf 85' lang='lat' dir='ltr'><strong>scine</strong></span> <span class='ocrx_word' id='word_1_197' title='bbox 1019 2745 1206 2807; x_wconf 85' lang='lat' dir='ltr'><strong>Kunst</strong></span> <span class='ocrx_word' id='word_1_198' title='bbox 1250 2747 1612 2828; x_wconf 81' lang='lat' dir='ltr'><strong>getriehen3</strong></span> <span class='ocrx_word' id='word_1_199' title='bbox 1681 2743 1834 2806; x_wconf 90' lang='lat' dir='ltr'><strong>auch</strong></span> <span class='ocrx_word' id='word_1_200' title='bbox 1882 2746 2056 2807; x_wconf 78' lang='lat' dir='ltr'><strong>scien</strong></span> <span class='ocrx_word' id='word_1_201' title='bbox 2107 2746 2312 2806; x_wconf 89' lang='lat' dir='ltr'><strong>seiner</strong></span> <span class='ocrx_word' id='word_1_202' title='bbox 2369 2742 2554 2805; x_wconf 86' lang='lat' dir='ltr'><strong>Jahre</strong></span> 
     </span>
     <span class='ocr_line' id='line_1_24' title="bbox 380 2850 2551 2935; baseline -0.002 -19"><span class='ocrx_word' id='word_1_203' title='bbox 380 2853 462 2916; x_wconf 87' lang='lat' dir='ltr'><strong>im</strong></span> <span class='ocrx_word' id='word_1_204' title='bbox 513 2854 758 2917; x_wconf 84' lang='lat' dir='ltr'><strong>Ganzen</strong></span> <span class='ocrx_word' id='word_1_205' title='bbox 797 2854 991 2915; x_wconf 84' lang='lat' dir='ltr'><strong>sehon</strong></span> <span class='ocrx_word' id='word_1_206' title='bbox 1044 2855 1241 2934; x_wconf 80' lang='lat' dir='ltr'><strong>viele3</strong></span> <span class='ocrx_word' id='word_1_207' title='bbox 1308 2854 1543 2917; x_wconf 80' lang='lat' dir='ltr'><strong>welche</strong></span> <span class='ocrx_word' id='word_1_208' title='bbox 1604 2853 1989 2935; x_wconf 79' lang='lat' dir='ltr'><strong>Bemerkung·</strong></span> <span class='ocrx_word' id='word_1_209' title='bbox 2024 2853 2146 2914; x_wconf 84' lang='lat' dir='ltr'><strong>wol</strong></span> <span class='ocrx_word' id='word_1_210' title='bbox 2196 2850 2551 2914; x_wconf 85' lang='lat' dir='ltr'><strong>schwerlich</strong></span> 
     </span>
     <span class='ocr_line' id='line_1_25' title="bbox 381 2961 2550 3044; baseline 0 -21"><span class='ocrx_word' id='word_1_211' title='bbox 381 2964 479 3024; x_wconf 92' lang='lat' dir='ltr'><strong>ein</strong></span> <span class='ocrx_word' id='word_1_212' title='bbox 539 2961 1038 3044; x_wconf 73' lang='lat' dir='ltr'><strong>vierzigjahriger</strong></span> <span class='ocrx_word' id='word_1_213' title='bbox 1082 2962 1259 3024; x_wconf 89' lang='lat' dir='ltr'><strong>Mann</strong></span> <span class='ocrx_word' id='word_1_214' title='bbox 1323 2980 1442 3025; x_wconf 89' lang='lat' dir='ltr'><strong>von</strong></span> <span class='ocrx_word' id='word_1_215' title='bbox 1512 2964 1643 3025; x_wconf 88' lang='lat' dir='ltr'><strong>sich</strong></span> <span class='ocrx_word' id='word_1_216' title='bbox 1706 2962 1990 3043; x_wconf 83' lang='lat' dir='ltr'><strong>gemacht</strong></span> <span class='ocrx_word' id='word_1_217' title='bbox 2046 2962 2245 3023; x_wconf 86' lang='lat' dir='ltr'><strong>haben</strong></span> <span class='ocrx_word' id='word_1_218' title='bbox 2307 2962 2550 3023; x_wconf 73' lang='lat' dir='ltr'><strong>konnte.</strong></span> 
     </span>
     <span class='ocr_line' id='line_1_26' title="bbox 377 3070 2550 3153; baseline -0.001 -19"><span class='ocrx_word' id='word_1_219' title='bbox 377 3070 917 3152; x_wconf 75' lang='lat' dir='ltr'><strong>Berucksichtigen</strong></span> <span class='ocrx_word' id='word_1_220' title='bbox 963 3073 1076 3134; x_wconf 88' lang='lat' dir='ltr'><strong>wir</strong></span> <span class='ocrx_word' id='word_1_221' title='bbox 1121 3072 1315 3152; x_wconf 72' lang='lat' dir='ltr'><strong>hiem,</strong></span> <span class='ocrx_word' id='word_1_222' title='bbox 1351 3090 1479 3135; x_wconf 89' lang='lat' dir='ltr'><strong>was</strong></span> <span class='ocrx_word' id='word_1_223' title='bbox 1527 3090 1597 3137; x_wconf 85' lang='lat' dir='ltr'><strong>er</strong></span> <span class='ocrx_word' id='word_1_224' title='bbox 1628 3072 1780 3135; x_wconf 87' lang='lat' dir='ltr'><strong>nach</strong></span> <span class='ocrx_word' id='word_1_225' title='bbox 1825 3072 2063 3134; x_wconf 87' lang='lat' dir='ltr'><strong>sichern</strong></span> <span class='ocrx_word' id='word_1_226' title='bbox 2096 3071 2395 3153; x_wconf 78' lang='lat' dir='ltr'><strong>Ange-ben</strong></span> <span class='ocrx_word' id='word_1_227' title='bbox 2442 3070 2550 3132; x_wconf 83' lang='lat' dir='ltr'><strong>des</strong></span> 
     </span>
     <span class='ocr_line' id='line_1_27' title="bbox 375 3176 2552 3260; baseline 0 -19"><span class='ocrx_word' id='word_1_228' title='bbox 375 3176 621 3260; x_wconf 84' lang='lat' dir='ltr'><strong>Epikur‚</strong></span> <span class='ocrx_word' id='word_1_229' title='bbox 664 3179 765 3240; x_wconf 92' lang='lat' dir='ltr'><strong>die</strong></span> <span class='ocrx_word' id='word_1_230' title='bbox 806 3196 928 3240; x_wconf 90' lang='lat' dir='ltr'><strong>von</strong></span> <span class='ocrx_word' id='word_1_231' title='bbox 974 3180 1203 3242; x_wconf 84' lang='lat' dir='ltr'><strong>andern</strong></span> <span class='ocrx_word' id='word_1_232' title='bbox 1249 3180 1558 3243; x_wconf 83' lang='lat' dir='ltr'><strong>mohrsach</strong></span> <span class='ocrx_word' id='word_1_233' title='bbox 1603 3177 1957 3243; x_wconf 76' lang='lat' dir='ltr'><strong>wieder-‘hott</strong></span> <span class='ocrx_word' id='word_1_234' title='bbox 1995 3180 2161 3258; x_wconf 74' lang='lat' dir='ltr'><strong>sind,</strong></span> <span class='ocrx_word' id='word_1_235' title='bbox 2206 3183 2395 3243; x_wconf 84' lang='lat' dir='ltr'><strong>sehon</strong></span> <span class='ocrx_word' id='word_1_236' title='bbox 2437 3197 2552 3244; x_wconf 83' lang='lat' dir='ltr'><strong>vor</strong></span> 
     </span>
     <span class='ocr_line' id='line_1_28' title="bbox 376 3288 2546 3372; baseline -0.001 -19"><span class='ocrx_word' id='word_1_237' title='bbox 376 3289 579 3353; x_wconf 80' lang='lat' dir='ltr'><strong>seiner</strong></span> <span class='ocrx_word' id='word_1_238' title='bbox 626 3293 829 3349; x_wconf 81' lang='lat' dir='ltr'><strong>ersten</strong></span> <span class='ocrx_word' id='word_1_239' title='bbox 868 3288 1165 3351; x_wconf 65' lang='lat' dir='ltr'><strong>Ankunft</strong></span> <span class='ocrx_word' id='word_1_240' title='bbox 1195 3290 1255 3350; x_wconf 92' lang='lat' dir='ltr'><strong>in</strong></span> <span class='ocrx_word' id='word_1_241' title='bbox 1300 3288 1502 3351; x_wconf 80' lang='lat' dir='ltr'><strong>Athen</strong></span> <span class='ocrx_word' id='word_1_242' title='bbox 1544 3289 1689 3352; x_wconf 90' lang='lat' dir='ltr'><strong>alles</strong></span> <span class='ocrx_word' id='word_1_243' title='bbox 1731 3291 2014 3372; x_wconf 86' lang='lat' dir='ltr'><strong>gemacht</strong></span> <span class='ocrx_word' id='word_1_244' title='bbox 2051 3290 2173 3352; x_wconf 88' lang='lat' dir='ltr'><strong>und</strong></span> <span class='ocrx_word' id='word_1_245' title='bbox 2224 3291 2546 3372; x_wconf 82' lang='lat' dir='ltr'><strong>hegennen</strong></span> 
     </span>
     <span class='ocr_line' id='line_1_29' title="bbox 378 3394 2548 3476; baseline -0.001 -18"><span class='ocrx_word' id='word_1_246' title='bbox 378 3394 561 3473; x_wconf 87' lang='lat' dir='ltr'><strong>hatte,</strong></span> <span class='ocrx_word' id='word_1_247' title='bbox 602 3411 672 3457; x_wconf 90' lang='lat' dir='ltr'><strong>so</strong></span> <span class='ocrx_word' id='word_1_248' title='bbox 712 3394 873 3455; x_wconf 80' lang='lat' dir='ltr'><strong>kann</strong></span> <span class='ocrx_word' id='word_1_249' title='bbox 917 3411 985 3454; x_wconf 88' lang='lat' dir='ltr'><strong>es</strong></span> <span class='ocrx_word' id='word_1_250' title='bbox 1026 3412 1139 3456; x_wconf 90' lang='lat' dir='ltr'><strong>uns</strong></span> <span class='ocrx_word' id='word_1_251' title='bbox 1187 3394 1571 3476; x_wconf 86' lang='lat' dir='ltr'><strong>keineswegs</strong></span> <span class='ocrx_word' id='word_1_252' title='bbox 1608 3395 1984 3461; x_wconf 86' lang='lat' dir='ltr'><strong>annehmlich</strong></span> <span class='ocrx_word' id='word_1_253' title='bbox 2026 3396 2337 3472; x_wconf 76' lang='lat' dir='ltr'><strong>schemen,</strong></span> <span class='ocrx_word' id='word_1_254' title='bbox 2379 3396 2548 3456; x_wconf 85' lang='lat' dir='ltr'><strong>diese</strong></span> 
     </span>
     <span class='ocr_line' id='line_1_30' title="bbox 373 3501 2550 3585; baseline 0 -21"><span class='ocrx_word' id='word_1_255' title='bbox 373 3503 793 3585; x_wconf 81' lang='lat' dir='ltr'><strong>manigfachen</strong></span> <span class='ocrx_word' id='word_1_256' title='bbox 837 3501 1280 3584; x_wconf 87' lang='lat' dir='ltr'><strong>Betrcihungen</strong></span> <span class='ocrx_word' id='word_1_257' title='bbox 1326 3504 1529 3565; x_wconf 87' lang='lat' dir='ltr'><strong>seines</strong></span> <span class='ocrx_word' id='word_1_258' title='bbox 1557 3503 1856 3565; x_wconf 55' lang='lat' dir='ltr'><strong>*sriiheren</strong></span> <span class='ocrx_word' id='word_1_259' title='bbox 1897 3503 2132 3566; x_wconf 86' lang='lat' dir='ltr'><strong>Lehens</strong></span> <span class='ocrx_word' id='word_1_260' title='bbox 2176 3504 2236 3564; x_wconf 91' lang='lat' dir='ltr'><strong>in</strong></span> <span class='ocrx_word' id='word_1_261' title='bbox 2281 3501 2380 3565; x_wconf 90' lang='lat' dir='ltr'><strong>die</strong></span> <span class='ocrx_word' id='word_1_262' title='bbox 2420 3502 2550 3565; x_wconf 88' lang='lat' dir='ltr'><strong>Zeit</strong></span> 
     </span>
     <span class='ocr_line' id='line_1_31' title="bbox 377 3608 2547 3692; baseline 0.002 -23"><span class='ocrx_word' id='word_1_263' title='bbox 377 3609 546 3671; x_wconf 88' lang='lat' dir='ltr'><strong>eines</strong></span> <span class='ocrx_word' id='word_1_264' title='bbox 609 3608 1146 3690; x_wconf 73' lang='lat' dir='ltr'><strong>dreissigjahr-igen</strong></span> <span class='ocrx_word' id='word_1_265' title='bbox 1205 3610 1452 3674; x_wconf 85' lang='lat' dir='ltr'><strong>Mannes</strong></span> <span class='ocrx_word' id='word_1_266' title='bbox 1521 3612 2270 3692; x_wconf 70' lang='lat' dir='ltr'><strong>zusammenzudrfingen.“-</strong></span> <span class='ocrx_word' id='word_1_267' title='bbox 2378 3611 2547 3686; x_wconf 86' lang='lat' dir='ltr'><strong>Quae</strong></span> 
     </span>
     <span class='ocr_line' id='line_1_32' title="bbox 375 3716 2547 3801; baseline 0.002 -24"><span class='ocrx_word' id='word_1_268' title='bbox 375 3716 751 3781; x_wconf 84' lang='lat' dir='ltr'><strong>difficultates</strong></span> <span class='ocrx_word' id='word_1_269' title='bbox 789 3716 1094 3798; x_wconf 85' lang='lat' dir='ltr'><strong>quomodo</strong></span> <span class='ocrx_word' id='word_1_270' title='bbox 1136 3726 1341 3781; x_wconf 84' lang='lat' dir='ltr'><strong>nostra</strong></span> <span class='ocrx_word' id='word_1_271' title='bbox 1380 3718 1456 3781; x_wconf 91' lang='lat' dir='ltr'><strong>de</strong></span> <span class='ocrx_word' id='word_1_272' title='bbox 1501 3720 1865 3801; x_wconf 85' lang='lat' dir='ltr'><strong>Protagorae</strong></span> <span class='ocrx_word' id='word_1_273' title='bbox 1908 3725 2101 3781; x_wconf 87' lang='lat' dir='ltr'><strong>aetate</strong></span> <span class='ocrx_word' id='word_1_274' title='bbox 2148 3720 2443 3781; x_wconf 80' lang='lat' dir='ltr'><strong>sententia</strong></span> <span class='ocrx_word' id='word_1_275' title='bbox 2469 3737 2547 3781; x_wconf 85' lang='lat' dir='ltr'><strong>ex</strong></span> 
     </span>
     <span class='ocr_line' id='line_1_33' title="bbox 371 3823 2541 3916; baseline -0.001 -25"><span class='ocrx_word' id='word_1_276' title='bbox 371 3823 631 3891; x_wconf 84' lang='lat' dir='ltr'><strong>Platonis</strong></span> <span class='ocrx_word' id='word_1_277' title='bbox 691 3825 934 3908; x_wconf 85' lang='lat' dir='ltr'><strong>dialogo</strong></span> <span class='ocrx_word' id='word_1_278' title='bbox 995 3843 1203 3889; x_wconf 90' lang='lat' dir='ltr'><strong>omnes</strong></span> <span class='ocrx_word' id='word_1_279' title='bbox 1261 3827 1584 3909; x_wconf 82' lang='lat' dir='ltr'><strong>tollantur,</strong></span> <span class='ocrx_word' id='word_1_280' title='bbox 1647 3830 1842 3916; x_wconf 87' lang='lat' dir='ltr'><strong>capite</strong></span> <span class='ocrx_word' id='word_1_281' title='bbox 1888 3827 1954 3902; x_wconf 74' lang='lat' dir='ltr'><strong>Y.</strong></span> <span class='ocrx_word' id='word_1_282' title='bbox 2002 3828 2306 3909; x_wconf 77' lang='lat' dir='ltr'><strong>sophistae</strong></span> <span class='ocrx_word' id='word_1_283' title='bbox 2364 3828 2541 3891; x_wconf 87' lang='lat' dir='ltr'><strong>vitam</strong></span> 
     </span>
     <span class='ocr_line' id='line_1_34' title="bbox 374 3934 1171 3998; baseline 0.004 -3"><span class='ocrx_word' id='word_1_284' title='bbox 374 3941 726 3998; x_wconf 82' lang='lat' dir='ltr'><strong>enarrantes</strong></span> <span class='ocrx_word' id='word_1_285' title='bbox 769 3934 1171 3998; x_wconf 83' lang='lat' dir='ltr'><strong>ostendemus.</strong></span> 
     </span>
    </p>

    <p class='ocr_par' dir='ltr' id='par_1_8' title="bbox 367 4042 2546 4452">
     <span class='ocr_line' id='line_1_35' title="bbox 448 4042 2544 4125; baseline 0.002 -23"><span class='ocrx_word' id='word_1_286' title='bbox 448 4081 455 4087; x_wconf 91' lang='lat'><em>-</em></span> <span class='ocrx_word' id='word_1_287' title='bbox 543 4042 852 4105; x_wconf 80' lang='lat' dir='ltr'><strong>Herhstius</strong></span> <span class='ocrx_word' id='word_1_288' title='bbox 914 4062 1088 4124; x_wconf 87' lang='lat' dir='ltr'><strong>quam</strong></span> <span class='ocrx_word' id='word_1_289' title='bbox 1154 4044 1572 4125; x_wconf 83' lang='lat' dir='ltr'><strong>copiosissime</strong></span> <span class='ocrx_word' id='word_1_290' title='bbox 1624 4045 1952 4112; x_wconf 86' lang='lat' dir='ltr'><strong>sententias</strong></span> <span class='ocrx_word' id='word_1_291' title='bbox 2006 4062 2146 4107; x_wconf 90' lang='lat' dir='ltr'><strong>suas</strong></span> <span class='ocrx_word' id='word_1_292' title='bbox 2202 4044 2544 4124; x_wconf 84' lang='lat' dir='ltr'><strong>explicavit,</strong></span> 
     </span>
     <span class='ocr_line' id='line_1_36' title="bbox 367 4147 2546 4233; baseline 0 -18"><span class='ocrx_word' id='word_1_293' title='bbox 367 4154 433 4215; x_wconf 83' lang='lat' dir='ltr'><strong>ut</strong></span> <span class='ocrx_word' id='word_1_294' title='bbox 472 4150 663 4230; x_wconf 88' lang='lat' dir='ltr'><strong>ampla</strong></span> <span class='ocrx_word' id='word_1_295' title='bbox 711 4152 786 4212; x_wconf 88' lang='lat' dir='ltr'><strong>sit</strong></span> <span class='ocrx_word' id='word_1_296' title='bbox 833 4147 1006 4232; x_wconf 83' lang='lat' dir='ltr'><strong>copia</strong></span> <span class='ocrx_word' id='word_1_297' title='bbox 1032 4199 1049 4231; x_wconf 92' lang='lat'>‚</span> <span class='ocrx_word' id='word_1_298' title='bbox 1113 4153 1165 4214; x_wconf 90' lang='lat' dir='ltr'><strong>si</strong></span> <span class='ocrx_word' id='word_1_299' title='bbox 1227 4155 1359 4233; x_wconf 90' lang='lat' dir='ltr'><strong>quis</strong></span> <span class='ocrx_word' id='word_1_300' title='bbox 1400 4152 1555 4213; x_wconf 88' lang='lat' dir='ltr'><strong>hanc</strong></span> <span class='ocrx_word' id='word_1_301' title='bbox 1604 4153 1969 4232; x_wconf 85' lang='lat' dir='ltr'><strong>quaestionis</strong></span> <span class='ocrx_word' id='word_1_302' title='bbox 2013 4160 2259 4215; x_wconf 86' lang='lat' dir='ltr'><strong>nostrae</strong></span> <span class='ocrx_word' id='word_1_303' title='bbox 2296 4159 2546 4233; x_wconf 84' lang='lat' dir='ltr'><strong>partem,</strong></span> 
     </span>
     <span class='ocr_line' id='line_1_37' title="bbox 373 4259 2540 4338; baseline 0.002 -21"><span class='ocrx_word' id='word_1_304' title='bbox 373 4274 528 4337; x_wconf 87' lang='lat' dir='ltr'><strong>quae</strong></span> <span class='ocrx_word' id='word_1_305' title='bbox 569 4261 627 4320; x_wconf 90' lang='lat' dir='ltr'><strong>in</strong></span> <span class='ocrx_word' id='word_1_306' title='bbox 673 4259 931 4321; x_wconf 86' lang='lat' dir='ltr'><strong>Herhstii</strong></span> <span class='ocrx_word' id='word_1_307' title='bbox 977 4262 1307 4323; x_wconf 84' lang='lat' dir='ltr'><strong>rationibus</strong></span> <span class='ocrx_word' id='word_1_308' title='bbox 1351 4260 1698 4324; x_wconf 83' lang='lat' dir='ltr'><strong>refellendis</strong></span> <span class='ocrx_word' id='word_1_309' title='bbox 1755 4263 2068 4338; x_wconf 81' lang='lat' dir='ltr'><strong>versatur&#39;,</strong></span> <span class='ocrx_word' id='word_1_310' title='bbox 2130 4261 2379 4322; x_wconf 86' lang='lat' dir='ltr'><strong>dilatare</strong></span> <span class='ocrx_word' id='word_1_311' title='bbox 2420 4278 2540 4323; x_wconf 86' lang='lat' dir='ltr'><strong>vo-</strong></span> 
     </span>
     <span class='ocr_line' id='line_1_38' title="bbox 375 4363 2542 4452; baseline 0 -22"><span class='ocrx_word' id='word_1_312' title='bbox 375 4363 586 4433; x_wconf 80' lang='lat' dir='ltr'><strong>luerit:</strong></span> <span class='ocrx_word' id='word_1_313' title='bbox 657 4372 990 4452; x_wconf 82' lang='lat' dir='ltr'><strong>quanquam</strong></span> <span class='ocrx_word' id='word_1_314' title='bbox 1038 4385 1288 4437; x_wconf 82' lang='lat' dir='ltr'><strong>severus</strong></span> <span class='ocrx_word' id='word_1_315' title='bbox 1333 4369 1432 4434; x_wconf 87' lang='lat' dir='ltr'><strong>ille</strong></span> <span class='ocrx_word' id='word_1_316' title='bbox 1495 4370 1605 4432; x_wconf 83' lang='lat' dir='ltr'><strong>sed</strong></span> <span class='ocrx_word' id='word_1_317' title='bbox 1652 4370 1808 4432; x_wconf 87' lang='lat' dir='ltr'><strong>idem</strong></span> <span class='ocrx_word' id='word_1_318' title='bbox 1848 4372 2122 4432; x_wconf 87' lang='lat' dir='ltr'><strong>sincerus</strong></span> <span class='ocrx_word' id='word_1_319' title='bbox 2169 4369 2299 4434; x_wconf 85' lang='lat' dir='ltr'><strong>eius</strong></span> <span class='ocrx_word' id='word_1_320' title='bbox 2357 4366 2542 4430; x_wconf 89' lang='lat' dir='ltr'><strong>libelli</strong></span> 
     </span>
    </p>
   </div>
  </div>
 </body>
</html>
