2975 4959
1237 273 1758 345 ...64-...

437 463 590 525 alios
635 459 1087 539 demonstravi,
1134 457 1327 524 ‘ullum
1383 478 1522 523 esse
1567 462 1811 523 omnino
1851 463 1984 524 eius
2023 476 2195 523 usum
2244 479 2319 526 eo
2362 462 2610 532 minime

433 577 526 632 est
562 577 858 650 negatum.
944 570 1058 643 Qui
1118 587 1252 632 cum
1313 576 1437 631 tres
1505 569 1773 632 admittat
1832 569 2259 651 interpretandi
2314 574 2606 651 rationes,

428 685 601 767 prout
645 670 734 749 εἷς
778 680 902 739 τῶν
941 680 1351 756 τετρακοσίων
1392 679 1657 758 explices
1700 677 1803 757 qui
1843 684 1983 739 tunc
2026 679 2265 739 eratin
2303 680 2600 758 quadrin-
2683 753 2690 760 Ν

421 786 612 865 yemis
656 792 755 847 aut
798 784 901 863 qui
942 799 1151 844 eorum
1191 803 1436 845 nvtmero
1477 791 1616 846 ante
1649 786 1859 863 fuerat
1894 786 2231 864 ascriptus,
2276 794 2375 849 aut
2417 788 2600 851 deni-

423 911 540 975 que
583 894 687 974 qui
724 894 802 956 iis
845 892 1266 954 ascribebatur
1303 900 1556 973 postca.-
1597 901 1864 957 nostrum
1887 901 1982 958 est
2006 913 2136 957 eam
2162 896 2407 976 eligere,
2449 913 2603 977 quae

422 1019 555 1065 cum
602 1008 726 1064 tota
769 1001 1134 1082 Protagorae
1181 1001 1429 1063 historia
1475 1004 1696 1081 optime
1739 1004 2081 1064 conveniat.
2140 1002 2416 1065 Omnium
2448 1019 2600 1066 vero

422 1111 679 1173 maxime
723 1111 783 1173 id
831 1112 1055 1173 cadere
1095 1113 1156 1172 in
1201 1110 1395 1189 illam,
1456 1127 1628 1191 quam
1686 1112 1933 1190 primam
1976 1112 2278 1176 nominavi
2328 1130 2601 1192 quaeque

419 1220 633 1282 eadem
667 1228 765 1286 est
786 1220 1225 1300 simplicissima
1246 1219 1441 1294 (coni.
1463 1219 1862 1282 Hermannum
1887 1211 2023 1300 pag.
2047 1220 2240 1298 364),
2271 1222 2352 1283 ita
2382 1228 2602 1283 osten·-

422 1327 578 1404 darn‚
622 1334 686 1389 ut
723 1329 865 1389 411.
913 1329 1120 1389 mortis
1165 1345 1323 1389 anno
1364 1329 1563 1407 posito
1608 1345 1687 1388 ne
1735 1330 2035 1398 minimam
2079 1330 2315 1410 quidem
2358 1330 2417 1389 in
2440 1330 2599 1390 Pro-

416 1443 670 1517 tagorae
729 1436 913 1498 rebus
973 1434 1347 1516 exponendis
1407 1435 1808 1530 difficultatem
1872 1444 2104 1499 restare
2169 1436 2593 1519 demonstrem.
2675 1451 2677 1462 '

417 1544 585 1617 Quae
624 1562 958 1625 quanquam
1002 1555 1122 1605 non
1163 1544 1297 1605 talis
1341 1550 1433 1605 est
1480 1546 1945 1625 argumentatiO,
1986 1563 2098 1625 qua
2143 1545 2370 1606 firmior
2412 1544 2592 1606 exhi-

413 1653 545 1714 beri
587 1658 882 1731 nequeat:
930 1669 1067 1716 nam
1109 1651 1168 1713 id
1207 1658 1426 1713 tantum
1475 1654 1715 1733 assequi
1754 1652 2046 1729 volumus,
2089 1652 2248 1733 quod
2275 1653 2595 1733 quominus

412 1776 622 1822 verum
666 1758 933 1820 dicamus
974 1759 1117 1820 nihil
1160 1762 1236 1821 sit
1282 1775 1398 1841 quo
1442 1760 1867 1840 impediamur:
1930 1767 2127 1822 tamen
2174 1779 2312 1822 num
2357 1761 2435 1822 de
2475 1761 2591 1823 hac

411 1885 520 1942 re,
581 1870 700 1930 nisi
742 1870 917 1930 novis
958 1868 1209 1935 detectis
1255 1868 1560 1946 fontibus,
1621 1870 1843 1930 certius
1887 1869 2202 1949 quidquam
2255 1868 2592 1950 excogitari

411 1977 606 2057 possit
650 1992 726 2039 eo
768 1977 961 2057 magis
1000 1992 1118 2057 ego
1166 1976 1406 2055 dubito,
1469 1992 1648 2057 quum
1703 1977 1879 2038 etiam
1920 1984 2185 2039 veterum
2230 1967 2589 2039 testimoniis

415 2091 478 2173 et
518 2083 635 2146 hac
680 2084 1059 2165 paragrapho
1126 2091 1187 2145 et
1241 2101 1420 2164 supra
1485 2087 1965 2147 commemoratis
2021 2092 2229 2147 nostra
2284 2086 2582 2169 sententia

414 2191 816 2256 confirmetur.
927 2193 1115 2266 Quam
1177 2199 1242 2255 ut
1298 2194 1388 2255 eis
1442 2211 1678 2274 quoque
1742 2209 1893 2274 quae
1950 2194 2289 2274 sequuntur‘
2333 2193 2588 2255 lectori-

411 2301 524 2364 bus
581 2303 872 2381 probem,
913 2302 1281 2382 Protagorae
1348 2304 1529 2364 vitam
1583 2305 1665 2363 ita
1724 2302 2055 2379 enarrabo,
2111 2310 2175 2364 ut
2227 2318 2385 2364 anno
2438 2302 2584 2363 411.

409 2416 703 2471 mortuum
744 2415 1036 2486 statuam,
1104 2416 1202 2487 et,
1252 2408 1322 2471 ‚id
1377 2410 1534 2489 quod
1581 2410 1723 2472 inde
1766 2411 2201 2473 consectarium
2244 2417 2379 2485 est3
2445 2427 2582 2471 nam

408 2533 604 2597 paene
647 2517 1165 2597 septuagenarium
1209 2517 1436 2578 obiisse
1483 2536 1562 2580 ex
1602 2517 2368 2598 Platonis-Apollodorique
2409 2518 2581 2578 testi-

395 2624 624 2709 moniis
662 2642 799 2707 pag.
827 2622 927 2688 56.
954 2631 1015 2687 et
1038 2624 1138 2687 57.
1170 2623 1727 2705 demonstravimuS‚
1767 2633 1967 2689 natum
1992 2643 2149 2690 anno
2173 2626 2412 2689 circiter
2433 2625 2581 2691 480.

1281 2879 1588 2932 CAPUT
1627 2881 1711 2932 V·

565 3042 931 3124 Protagoras
970 3044 1167 3126 igitur,
1206 3053 1273 3107 ut
1314 3064 1466 3127 quae
1512 3047 1708 3110 adhuc
1752 3021 2060 3110 consecuti
2099 3063 2299 3110 sumus
2343 3063 2422 3108 ex
2463 3024 2572 3107 sir-¹

399 3151 738 3233 perioribus
782 3154 1075 3233 capitibus
1116 3155 1368 3234 repetita
1411 3156 1934 3236 comprehendam,
1976 3158 2138 3218 circa
2180 3172 2396 3218 annum
2426 3154 2570 3217 430.

400 3266 571 3341 patre
612 3260 960 3323 Maeandrio
981 3262 1244 3324 Abderis
1284 3270 1457 3325 natus
1500 3271 1608 3339 est.
1662 3265 1756 3326 Ex
1796 3266 1995 3344 priore
2035 3266 2164 3326 eius
2207 3265 2364 3326 vitae
2402 3269 2572 3343 parte

393 3350 543 3431 nibil
592 3370 834 3432 omnino
881 3377 1252 3459 ¹compertum
1303 3370 1609 3434 habemus.
1701 3372 1875 3445 Quod
1934 3372 2096 3434 multi
2138 3374 2487 3452 scriptorum
2527 3388 2569 3436 a

392 3477 740 3541 Democrito
787 3477 1202 3560 philosophum
1252 3498 1331 3542 ex
1370 3480 1572 3544 baiulo
1615 3481 1833 3543 factum
1877 3488 2164 3559 narrant·‚
2220 3480 2294 3541 ad
2338 3479 2567 3541 fabulas

387 3588 666 3672 *pertine-t.
1799 3657 1802 3662 .

603 3697 860 3785 Dicendi
926 3696 1206 3780 facultate
1269 3698 1425 3760 inter
1489 3698 1814 3761 Abderitas
1880 3699 2034 3761 adeo
2103 3697 2429 3775 excelluit,
2503 3703 2569 3761 ut

394 3806 512 3866 iam
554 3804 838 3882 AbderiS,
879 3806 930 3867 si
973 3803 1125 3869 fides
1168 3806 1460 3884 Aeliam,
1502 3807 1715 3888 Λόγος
1755 3808 2149 3889 appellaretur
2167 3823 2192 3868 ε·
2227 3806 2366 3869 Var.
2413 3807 2563 3869 nist.

384 3913 488 3980 lib.
534 3912 628 3974 lv.
676 3929 805 3991 cap.
851 3912 968 3975 20:
1024 3908 1162 3977 “Oct
1208 3913 1264 3976 οἱ
1312 3916 1674 3997 Ἀβδηρῖται
1715 3912 1973 3978 ἐκάλουν
2014 3914 2126 3978 τὸν
2169 3910 2563 3997 Δημόκριτον

391 4024 826 4105 Φιλοσοφίαν,
885 4017 995 4082 τόν
1037 4023 1108 4084 δὲ
1151 4020 1594 4106 Πρωταγόραν
1639 4021 1874 4105 Λόγοι).
1956 4024 2332 4089 scholiastae
2376 4026 2560 4086 verba

385 4127 467 4190 ad
510 4129 649 4191 Plat.
692 4129 859 4208 Reip.
898 4127 1000 4190 lib.
1044 4128 1118 4190 X.
1167 4147 1302 4212 pag.
1352 4130 1495 4199 600.
1540 4132 1623 4194 C:
1687 4135 1826 4195 Καὶ
1879 4134 2121 4214 πρῶτος
2159 4131 2382 4214 λόγους
2424 4133 2557 4211 ὲρι·

380 4234 631 4311 circatoris*
656 4229 838 4319 εὗρε,
878 4234 990 4300 καί
1026 4236 1264 4317 pam-9131»
1306 4239 1535 4321 ἔπραξε
1580 4237 1725 4312 τούς
1766 4236 2065 4322 μαθητὰς
2108 4242 2269 4319 μνᾶς
2313 4233 2555 4319 ἑκατόν,

381 4340 482 4407 διὰ
529 4342 641 4408 καί
673 4343 989 4429 ἐπεκλήθη
1032 4345 1248 4426 Λόγος
1286 4346 1600 4428 depromta
1639 4366 1777 4411 esse
1804 4350 2081 4412 videntur
2101 4367 2188 4412 ex
2207 4346 2389 4414 suida
2417 4362 2470 4408 s.
2497 4363 2552 4406 v.
