2975 4959
1322 14 1373 53 0«

1130 309 1222 320 —-
1339 272 1466 343 191
1548 244 1673 323 ’-’

1325 472 1479 534 XVI.

1146 651 1327 750 Περὶ
1377 657 1678 748 τεχνῶν.

534 860 675 923 Plat.
716 860 897 940 Soph.
947 877 1084 942 pag.
1135 861 1277 925 232.
1316 860 1389 922 D.
1474 861 1627 939 περὶ
1685 861 1881 938 πάλης
1919 862 2057 925 καὶ
2114 862 2237 923 ταῖν
2297 851 2504 923 ἄλλων

328 969 613 1048 τεχνῶν,
685 969 866 1049 Diog.
930 968 1128 1030 Laert.
1172 967 1273 1030 lib.
1314 966 1413 1028 IX.
1460 974 1520 1042 §.
1562 969 1663 1029 55.
1747 971 1894 1048 περι·
1950 969 2149 1049 πάλης
2212 969 2507 1050 Protago-
2579 1048 2585 1052 Ι

333 1090 441 1136 rae
480 1076 763 1156 scriptum
806 1083 1192 1138 memoratur.
1232 1075 1396 1153 ,Quo
1440 1074 1517 1136 de
1563 1075 1715 1136 libro
1764 1091 1893 1135 cum
1918 1074 2507 1139 Schleiermacherus

336 1181 558 1262 aliquid
625 1185 779 1244 inter
821 1163 989 1245 'viros
1056 1182 1270 1245 doctos
1327 1183 1585 1244 moverit
1646 1182 2085 1261 dissensioniS,
2146 1182 2508 1257 Herbstium,

345 1291 514 1353 cuius
575 1306 688 1352 nos
731 1293 1061 1353 sententias
1111 1298 1332 1354 tantum
1388 1308 1512 1353 non
1553 1308 1769 1353 omnes
1822 1291 2287 1370 improbavimus
2312 1338 2350 1369 „
2396 1293 2511 1354 hac

336 1400 540 1462 ultima
603 1400 664 1461 in
739 1417 921 1462 causa
967 1401 1440 1462 consentientem
1503 1417 1620 1462 nos
1678 1400 1904 1461 hahere
1969 1401 2150 1461 iuvat.
2246 1400 2512 1464 Eximius

334 1507 493 1571 enim
534 1507 631 1570 ille
671 1507 931 1570 Platonis
970 1509 1264 1589 interpres
1311 1508 1388 1570 de
1433 1507 1615 1570 rebus
1663 1509 2051 1590 gymnasticis
2093 1510 2254 1573 hunc
2290 1510 2510 1588 ‚tibrum

342 1617 533 1679 fuisse
577 1623 790 1698 negat:
842 1613 1010 1697 πάλη
1057 1617 1213 1677 enim
1264 1633 1387 1678 non
1435 1617 1511 1678 de
1559 1617 1903 1691 luctatione,
1944 1616 2053 1703 sed
2101 1616 2177 1679 de
2221 1625 2350 1683 arte
2389 1621 2515 1680 eri-

331 1725 482 1787 stica
521 1742 695 1804 quam
739 1741 898 1785 nunc
940 1725 1143 1785 dicunt
1171 1740 1310 1785 esse
1354 1724 1818 1804 intelligendum.
1910 1726 2036 1799 Qua
2095 1727 2155 1787 in
2195 1743 2263 1788 re
2313 1744 2511 1807 neque

338 1833 598 1894 Herbstii
658 1850 967 1894 assensum
1025 1833 1195 1910 tulit,
1255 1849 1452 1912 neque
1518 1851 1730 1894 meum.
1844 1832 2100 1895 Platonis
2161 1835 2319 1895 enim
2372 1835 2511 1897 loco

340 1958 515 2030 quem
571 1940 964 2003 indicavimus
1009 1940 1313 2021 sophistae
1380 1956 1482 2003 ars
1533 1956 1609 2003 eo
1661 1941 2031 2020 potissimum
2078 1943 2376 2003 contineri
2422 1944 2517 2005 di·-

342 2052 536 2128 citur,
592 2056 656 2112 ut
708 2045 1090 2130 ἀντιλογικός
1150 2056 1209 2110 et
1261 2049 1390 2128 ipse
1435 2049 1513 2111 sit
1569 2055 1632 2110 et
1688 2053 1813 2110 ταῖν
1859 2040 2068 2111 ἄλλων
2130 2049 2332 2113 αὐτοῦ
2376 2049 2517 2112 τοὺ-

341 2179 456 2220 του
514 2157 909 2230 διδάσκαλος.
1011 2156 1132 2218 lam
1186 2158 1399 2238 quibus
1457 2157 1536 2221 de
1606 2158 1789 2219 rebus
1846 2158 2151 2237 quaeritur
2210 2157 2517 2238 sophistae

341 2265 461 2326 sint
517 2264 913 2345 οἶντιλογικοί.
1000 2261 1176 2344 Περὶ
1221 2267 1343 2326 τῶν
1389 2267 1618 2342 θείων,
1661 2257 1758 2325 5'0'
1803 2261 2022 2346 ἀφανῆ
2062 2270 2187 2337 τοῖς
2244 2270 2514 2344 πολλοῖς,

340 2373 564 2453 hospes
604 2373 707 2433 -ait
768 2370 1012 2450 Eleata,
1080 2371 1156 2432 de
1222 2372 1295 2433 iis
1358 2364 1478 2434 ὅσα
1542 2369 1786 2459 φανερά
1846 2373 1955 2452 γῆς
2022 2392 2092 2432 τε
2154 2372 2264 2433 καί
2321 2372 2520 2453 οὖρα-ν

339 2482 454 2545 νοῦ
512 2476 618 2543 καί
677 2479 797 2541 τῶν
841 2483 986 2561 περὶ
1044 2475 1121 2542 τοὶ
1166 2480 1469 2558 τοιαῦτα,
1511 2516 1597 2529 —
1635 2473 1932 2560 γενέσεώς
1994 2500 2063 2540 τε
2128 2482 2236 2541 καί
2297 2481 2518 2552 ου’σίας

343 2590 510 2668 πέρι,
556 2623 638 2635 —-
677 2588 825 2665 περὶ
861 2586 1069 2661 νόμων
1127 2589 1237 2648 καί
1277 2588 1654 2666 ξυμπάντων
1707 2588 1829 2650 τῶν
1874 2589 2225 2650 πολιτικῶν.
2270 2624 2354 2637 —-
2428 2586 2516 2650 Τά

339 2716 411 2774 γε
450 2674 765 2775 μὴνιπερί
809 2698 1027 2756 πασῶν
1069 2717 1135 2758 τε
1176 2697 1285 2757 καί
1318 2686 1473 2757 κατὰ
1518 2693 1672 2773 μίαν
1712 2689 1983 2775 ἑκάστην
2025 2697 2281 2778 τέχνην,
2337 2691 2381 2756 ἃ
2422 2697 2529 2758 δεῖ

344 2798 504 2884 πρὸς
547 2801 809 2864 ἕκαστον
852 2799 1042 2863 αὐτόν
1079 2799 1185 2863 τὸν
1217 2798 1602 2883 δημιουργὸν
1632 2802 1958 2880 α’ντειπεῖν,
2008 2802 2519 2883 δεδημοσιωμένας

344 2930 470 2971 που
537 2910 993 2989 καταβέβληται
1054 2902 1453 2991 γεγραμμένα
1512 2910 1598 2994 τῷ
1648 2908 2010 2994 βουλομένῳ
2064 2913 2318 2989 μαθεῖν.
2420 2910 2519 2985 Ad

349 3018 512 3100 quod
558 3017 912 3080 Theaetetus
1005 3017 1093 3080 Tot
1137 3013 1600 3101 Πρωταγόρειά
1644 3039 1793 3099 μοι,
1845 3019 2077 3098 inquit,
2122 3021 2335 3103 φαίνει
2376 3018 2526 3100 περί

349 3148 416 3189 τε·
460 3124 659 3207 πάλης
704 3128 813 3189 καί
848 3127 973 3189 τῶν
1021 3116 1228 3188 ἄλλων
1268 3126 1503 3205 τεχνῶν
1546 3124 1878 3208 εἰρηκέναι.
1910 3126 1984 3189 Et
2023 3127 2162 3189 ille:
2208 3126 2350 3190 Καὶ
2374 3132 2523 3188 πολ-

282 3251 285 3254 ’
347 3235 474 3295 λῶν
525 3256 634 3315 γε,
702 3224 756 3295 (3
793 3233 1109 3314 μακάριε,
1179 3226 1427 3312 ἑτέρων.
1515 3230 1673 3313 α’τὰρ
1722 3231 1799 3313 δὴ
1849 3231 1918 3295 τὸ
1964 3238 2075 3315 τῆς
2130 3226 2522 3314 ἀντιλογικῆς

350 3341 572 3422 τέχνης
619 3329 719 3421 ἆρ’
764 3338 881 3400 οὐκ
917 3341 984 3401 ἑν
1027 3341 1350 3424 κεφαλαίῳ
1405 3334 1566 3419 περί
1608 3336 1857 3400 πάντων
1911 3337 2066 3421 πρὸς
2113 3335 2521 3423 ἀμφισβήτη-

347 3470 450 3510 σιν
508 3443 687 3529 ἷκανὴ
742 3470 836 3520 τις
883 3446 1146 3526 δύναμις
1205 3441 1354 3507 ἔοικ’
1409 3436 1620 3524 εἶναις
1707 3445 1941 3512 ΘΕΑῙ.
2011 3448 2316 3510 Φαίνεται
2370 3451 2523 3529 γοῦν

351 3550 581 3635 σχεδόν
620 3554 806 3617 ου’δὲν
848 3551 1191 3616 ὖπολιπεϊν.
1280 3553 1412 3637 Quo
1451 3559 1517 3615 ut
1561 3552 1637 3615 de
1682 3555 1899 3615 ceteris
1940 3549 2163 3617 artibus
2205 3555 2282 3617 de
2328 3554 2523 3617 lucta·-

353 3664 520 3724 tione
565 3680 801 3744 quoque
850 3663 1217 3743 Protagorae
1265 3661 1565 3724 exstitisse
1610 3662 1822 3724 librum
1876 3669 2137 3743 apparet.
2227 3663 2396 3725 Conf.
2446 3664 2525 3727 de

352 3770 746 3850 ὁπλομαχίας
804 3768 1198 3849 sophistarum
1251 3769 1630 3850 professione
1695 3757 2224 3833 Winckelmannus
2286 3773 2519 3855 Proleg.

349 3880 413 3941 in
470 3879 609 3940 Plat.
667 3878 922 3960 Euthyd.
969 3895 1099 3958 cap.
1138 3877 1265 3940 vn.
1367 3879 1564 3958 Atque
1613 3881 1759 3959 περὶ
1797 3879 1998 3961 πάλης
2060 3881 2341 3961 scriptum
2387 3899 2521 3945 am-

352 3986 567 4066 plioris
600 3982 748 4065 περὶ
783 3988 1017 4067 τεχνῶν
1058 3987 1258 4066 operis
1298 3992 1524 4064 partem
1562 3984 1745 4051 fuisse
1774 3986 1931 4051 haud
1973 3989 2170 4067 inepte
2213 3989 2521 4053 coniicias·

352 4093 484 4167 Quo
510 4093 775 4154 fortasse
821 4093 996 4155 etiam
1054 4093 1383 4173 expositum
1433 4100 1600 4169 erat,
1660 4110 1768 4154 cur
1809 4094 2057 4156 aliorum
2103 4097 2519 4191 magistrorum

354 4208 535 4277 artes,
572 4207 636 4262 ut
679 4199 968 4275 canendi,
1015 4203 1201 4280 aliaS,
1240 4202 1366 4281 ipse
1413 4200 1780 4283 negligeret:
1832 4201 1951 4264 vid.
1998 4201 2137 4266 Plat.
2182 4204 2334 4267 Prot.
2378 4221 2549 4284 paga

356 4306 496 4372 318.
539 4307 588 4371 E
641 4318 810 4391 (pag.
861 4306 1054 4386 189.).
