2975 4959
1236 226 1781 335 —142-

322 550 331 555 x
436 473 494 541 Is
538 478 694 540 enim
741 475 1002 560 linguam
1044 495 1078 539 a
1124 476 1451 559 Protagora
1493 492 1709 541 everso
1757 476 1987 559 vulgari
2037 475 2274 539 dicendi
2317 488 2425 540 usu
2471 492 2611 539 mu·-
2727 552 2731 559 ,

437 591 616 650 tatam
668 585 858 648 fuisse
904 586 989 647 ait
1030 592 1091 646 et
1132 587 1235 648 uni
1260 587 1474 668 cuique
1518 587 1707 647 verbo
1752 585 1813 647 id
1856 602 2050 668 genus
2098 590 2276 665 atque
2318 603 2448 647 eam
2476 592 2609 647 ter-

437 693 823 755 minationem
871 691 1067 756 datam
1093 738 1112 771 ,
1173 710 1327 774 quae
1367 694 1479 772 ipsi
1534 686 1897 775 placuisset:
1957 699 2023 755 ut
2062 692 2316 774 exempli
2358 711 2540 755 causa
2580 688 2612 755 ὅ

432 798 672 883 πήληξ,
718 799 752 862 ὅ
793 801 1008 882 μῆνις,
1052 799 1090 881 ἦ
1132 798 1455 882 καρδόπη,
1499 798 1535 880 ἦ
1588 798 1996 886 α’λεκτρύαινα
2034 818 2103 862 re
2143 818 2287 863 vera
2329 803 2610 882 scripsis-

437 915 552 971 set.
637 909 769 970 vid.
837 926 976 991 pag.
1029 910 1184 972 1422
1253 909 1413 988 „Aus
1470 908 1675 971 dieser
1732 907 2045 971 Annabme
2109 910 2383 971 entstand
2441 912 2609 971 scine

438 1015 1092 1098 Spracbveranderung
1137 1017 1198 1078 in
1240 1016 1446 1098 Bezug
1486 1017 1595 1079 auf
1630 1017 1737 1079 das
1783 1017 2140 1080 Gescblecbt
2166 1064 2184 1096 ‚
2227 1019 2326 1079 bei
2363 1017 2473 1079 der
2513 1016 2610 1079 iob

438 1126 554 1187 mir
612 1123 844 1187 freilicb
900 1123 1067 1186 nicht
1120 1124 1445 1187 vorstellen
1493 1124 1696 1201 kann,
1747 1124 1981 1187 welche
2038 1125 2311 1186 Grenzen
2356 1127 2448 1186 sie
2491 1141 2610 1205 ge-

438 1233 584 1295 babt
645 1232 844 1295 haben
906 1240 1119 1315 mag“‚
1187 1233 1368 1313 idque
1442 1234 1722 1315 probavit
1781 1233 2070 1296 Lerschio
2115 1251 2250 1315 pag.
2297 1235 2393 1296 20.
2498 1235 2615 1296 At·-

438 1356 555 1422 que
624 1339 914 1420 profecto·
961 1341 1202 1403 nonnisi
1258 1342 1357 1422 qui
1418 1340 1575 1404 adeo
1639 1347 1865 1403 temere
1926 1348 2191 1403 veterum
2253 1341 2406 1402 locis
2468 1358 2613 1403 usus

441 1447 622 1512 fuerit
698 1440 876 1529 atque
920 1449 1256 1511 ⁴Herbstius
1287 1493 1308 1527 ‚
1356 1448 1432 1509 de
1505 1448 1872 1529 Protagorae
1939 1449 2150 1513 studiis
2201 1451 2606 1531 grammaticis

434 1557 613 1620 talem
681 1557 882 1619 tulerit
922 1558 1310 1619 sententiam:
1381 1557 1539 1634 „Nur
1592 1556 1779 1619 durch
1836 1557 1933 1618 die
1977 1559 2299 1620 -Annabme
2349 1557 2457 1620 des
2502 1576 2609 1619 er·

434 1674 566 1730 sten
627 1665 1089 1728 aufkeimenden
1133 1664 1795 1745 Spracbbewusstseins
1853 1645 2012 1728 lassi·
2054 1667 2182 1729 sich
2240 1665 2350 1727 das
2396 1664 2609 1728 auffal-

433 1774 575 1837 lend
621 1773 901 1836 Absurde
966 1773 1030 1835 in
1086 1774 1196 1836 der
1250 1774 1790 1855 Protagoreiscben
1852 1775 2215 1839 Grammatik
2275 1775 2610 1837 erklaren!

431 1883 576 1962 Sed,
619 1890 684 1946 ut
732 1882 1059 1969 HerbstiuS,
1100 1882 1317 1945 frustra
1361 1883 1823 1962 laboraverunt,
1865 1886 2202 1965 quicunque
2239 1884 2608 1964 Protagorae

435 1993 513 2054 de
555 1993 766 2055 studiis
810 1991 1216 2073 grammaticis
1276 1993 1610 2055 immortale
1669 1994 1941 2055 meritum
1997 1995 2345 2055 calumnniis
2405 1993 2615 2055 detre-·

433 2108 600 2163 ctare
651 2101 852 2164 conati
896 2107 1049 2162 sunt.
1136 2101 1281 2163 Nam
1328 2117 1443 2162 nos
1493 2101 1669 2163 etiam
1731 2119 1889 2162 nunc
1929 2103 2142 2162 eadem
2183 2101 2313 2162 iere
2358 2102 2611 2177 ratione,

431 2226 765 2289 quanquam
807 2214 869 2270 et
907 2208 1087 2270 muito
1134 2208 1483 2288 amplificata
1533 2216 1594 2270 et
1642 2209 1816 2270 aliam
1866 2216 2189 2288 sequentes
2237 2211 2390 2269 viam
2433 2208 2608 2287 atqu'e

434 2319 748 2382 eonsilium
779 2366 797 2397 ,
863 2318 1080 2379 utimur
1123 2323 1184 2378 et
1222 2319 1285 2379 in
1324 2322 1593 2378 veterum
1638 2316 1992 2398 scriptorum
2037 2317 2203 2380 libris
2245 2317 2612 2397 explicandis

432 2434 494 2489 et
540 2428 600 2488 in
647 2427 886 2508 linguae
929 2425 1179 2487 alicuius
1220 2406 1455 2507 legibus
1495 2426 1949 2488 constituendis·

1287 2604 1592 2658 CAPUT
1632 2605 1711 2654 V·

606 2736 730 2799 Iam
773 2735 851 2798 ad
893 2736 1052 2802 illam
1096 2737 1465 2817 accedimus,
1511 2756 1625 2819 qua
1659 2739 2022 2819 Protagorae
2063 2736 2295 2799 virtutis
2334 2735 2612 2816 politicae

432 2863 570 2927 pars
593 2845 750 2908 baud
773 2849 991 2927 exigua
1017 2847 1456 2924 continebatur,
1478 2847 1787 2909 dicendi
1816 2845 2018 2909 facul
2037 2852 2273 2909 tatem.
2321 2845 2451 2918 Qua
2475 2845 2610 2925 qui-

431 2955 566 3017 dem
611 2973 743 3016 cum
787 2970 901 3015 nos
942 2954 1143 3035 magni
1187 2955 1476 3017 faciamus
1520 2958 1571 3018 si
1620 2957 1752 3037 quis
1812 2956 2030 3018 bonam
2077 2972 2318 3016 causam
2362 2969 2604 3033 semper

432 3062 806 3142 superiorem
852 3061 1096 3124 efficere
1136 3064 1360 3141 possit,
1425 3062 1794 3144 Protagorae
1834 3080 1932 3125 ars
1977 3063 2159 3144 longe
2200 3064 2394 3125 maior
2437 3067 2604 3125 erat:

437 3171 492 3232 is
534 3171 693 3231 enirn
757 3170 1227 3251 qualemcunque
1289 3174 1532 3232 causam
1590 3173 1960 3252 superiorem
2018 3172 2182 3236 fecit.
2265 3171 2395 3232 Hoc
2450 3171 2609 3230 enim

434 3289 528 3345 est
588 3280 748 3360 quod
812 3280 1200 3361 Protagoram
1260 3278 1369 3343 τὸν
1433 3275 1599 3362 ἥττω
1655 3277 1835 3361 λόγον
1888 3283 2150 3360 κρείττω
2211 3279 2611 3359 πεποιηκέναι

434 3397 677 3453 veteres
717 3391 1046 3471 scriptores
1093 3391 1276 3453 aiunt.
1326 3390 1494 3463 Quae
1518 3389 1919 3470 persuadendi
1946 3406 2065 3463 ars,
2102 3405 2236 3450 cum
2275 3387 2351 3448 ad
2391 3403 2608 3466 quam-
2655 3372 2662 3381 ’

441 3502 534 3562 vis
576 3500 708 3565 fere
768 3517 896 3561 rem
940 3497 1016 3560 de
1062 3517 1179 3580 qua
1224 3499 1625 3579 disputaretur
1669 3501 1928 3560 maximo
1987 3514 2118 3558 cum
2169 3513 2282 3557 usu
2338 3492 2610 3556 adbiberi

438 3615 689 3689 posset,
750 3609 1078 3689 plurimum
1118 3614 1316 3670 tamen
1375 3609 1438 3670 in
1497 3608 1695 3669 litibus
1750 3605 2092 3668 forensibus
2152 3604 2429 3680 valebat,
2491 3616 2607 3682 qua

440 3735 610 3780 suam
650 3719 898 3798 quisque
943 3716 1157 3781 malam
1205 3718 1454 3779 ‘causam
1499 3715 1731 3777 bonam·
1775 3714 2058 3776 redderet
2117 3712 2384 3774 de·mala
2425 3728 2608 3773 causa

438 3829 520 3889 ita
564 3826 902 3903 disserenS‚
955 3832 1021 3887 ut
1059 3826 1216 3887 bona
1260 3842 1398 3887 esse
1439 3824 1736 3887 iudicibus
1781 3824 2085 3887 videretur
2122 3824 2369 3902 ipseque
2412 3823 2609 3882 victor

438 3934 742 3998 evaderet.
793 3934 926 3997 Vid.
972 3936 1155 3997 Arist.
1197 3933 1368 3996 Rb'et.
1412 3934 1512 3996 lib.
1558 3934 1627 3996 ΙΙ.
1672 3951 1801 4014 cap.
1829 3935 1927 3996 24.
1972 3939 2115 3995 tom.
2135 3930 2203 4009 ΙΙ,
2247 3948 2383 4012 pag.
2425 3928 2605 3992 1402.

437 4044 658 4107 Bekk.:
685 4044 824 4105 Καὶ
847 4037 917 4106 τὸ
948 4039 1057 4104 τὸν
1083 4036 1241 4123 ἥττω
1266 4043 1335 4109 δὲ
1359 4036 1817 4123 λόγομκρείττω
1837 4049 2035 4104 ποιεῖν
2063 4042 2229 4103 τοῦτ’
2261 4041 2448 4101 ἐστίν·
2503 4036 2613 4100 καὶ

436 4155 728 4217 ἐντεῦθεν
770 4152 1029 4221 δικαίως
1071 4151 1520 4232 ἐδυσχέραινον
1562 4146 1620 4212 οἱ
1666 4142 1992 4228 ἅνθρωποι
2041 4145 2111 4211 τό
2164 4145 2609 4228 Πρωταγόρου

439 4257 812 4339 ἐπάγγελμα.
901 4256 1050 4319 Geli.
1096 4256 1271 4320 Noct.
1318 4257 1438 4319 Att.
1483 4256 1585 4318 lib.
1631 4256 1699 4317 V.
1751 4273 1879 4334 cap.
1925 4255 2002 4319 3:
2073 4255 2163 4334 „Is
2217 4261 2414 4348 tamen
2458 4251 2612 4312 Pro-

437 4374 715 4450 tagoras‚
755 4366 1105 4430 insincerus-
1132 4365 1369 4445 quidem
1408 4364 1797 4445 philosophus
1820 4409 1839 4442 ‚
1875 4365 1984 4427 sed
2030 4365 2361 4434 acerrimus
2402 4358 2614 4441 sophi-
