2975 4959
1145 286 1686 358 —105—

332 471 536 558 »Ἐτεῇ
600 464 672 538 δὲ
732 474 918 537 ου’δὲν
972 470 1200 550 ἴδμεν·
1288 470 1355 537 ἐν
1416 475 1601 562 βυθῷ
1645 470 1769 555 γάρ
1832 472 1871 557 ἦ
1930 472 2257 556 ἄλήθεια.“
2341 472 2512 536 Conf.

330 583 683 661 Mullacliius
724 599 860 663 pag.
908 583 1049 645 205.
1587 612 1592 615 2

505 691 866 771 Protagoras
907 707 1055 752 vero
1097 708 1277 753 unam
1321 691 1648 753 motionem
1694 707 1832 753 esse
1881 689 2070 767 dicit,
2112 690 2272 752 unde
2309 691 2518 752 *omnia

336 799 638 876 oriantur,
680 799 1021 860 universam
1080 805 1257 878 atque
1300 799 1661 860 continuam.
1748 796 1841 859 Ex
1881 798 2151 860 motione
2193 798 2520 878 gignuntur
2583 826 2594 839 ·

341 906 560 968 eodem
603 912 876 986 tempore
912 910 975 967 et
1009 923 1225 968 sensus
1255 906 1587 967 sentientes
1614 912 1674 967 et
1696 923 1798 967 res
1823 906 2036 985 quibus
2061 903 2143 967 illi
2168 905 2518 966 alliciuntur.

338 1013 754 1093 Quodcunque
798 1014 979 1095 igitur
1021 1014 1234 1093 aliquis
1278 1029 1416 1076 esse
1453 1020 1658 1093 putat,
1720 1012 1781 1075 id
1837 1014 1894 1074 ei
1941 1019 2053 1074 est.
2136 1012 2325 1074 Recte
2367 1028 2518 1093 ergo

349 1121 974 1199 Hermannus,contra
995 1122 1334 1184 Herbstium
1380 1134 1550 1202 (pag.
1584 1122 1755 1199 118.)
1796 1121 2165 1201 Protagorae
2207 1126 2268 1181 et
2295 1120 2524 1182 Demo-

349 1231 484 1292 criti
521 1227 829 1310 ιίλήθειαν
875 1227 1032 1311 πρός
1071 1251 1132 1292 τι
1177 1228 1429 1292 eandem
1461 1246 1601 1292 esse
1629 1230 1792 1307 dicit,
1837 1229 1972 1307 „die
2015 1228 2265 1290 relative
2296 1228 2522 1290 Wahr-

250 1386 253 1389 2
337 1337 463 1398 heit
507 1337 618 1399 der
659 1336 1134 1420 Erscbeinung.“
1216 1337 1335 1402 Sed
1380 1337 1533 1401 haec
1577 1335 1896 1401 similitudo
1941 1336 2308 1411 discrimine,
2353 1336 2517 1416 quod

337 1445 497 1507 inter
541 1446 849 1525 utriusque
890 1441 960 1507 τὸ
1007 1441 1384 1529 φαινόμενον
1428 1445 1667 1527 ἀληθές
1705 1444 2087 1531 intercedere
2125 1445 2255 1524 ipse
2283 1443 2522 1506 indica-

339 1554 447 1631 vit,
492 1553 716 1615 tollitur
754 1553 850 1614 vel
893 1560 1313 1633 compensatur
1356 1559 1522 1615 certe
1567 1559 1709 1615 tota.
1796 1552 2157 1633 Protagoras
2191 1553 2347 1614 enim
2383 1570 2520 1614 cum

347 1667 588 1742 praeter
635 1678 709 1723 ea
754 1678 908 1743 quae
952 1660 1230 1724 sensibus
1288 1667 1646 1742 apparerent
1688 1660 1833 1723 nihil
1873 1677 2014 1723 esse
2066 1659 2293 1724 diceret
2349 1670 2522 1736 (nam

339 1770 666 1832 motionem
708 1787 866 1832 nunc
920 1775 1170 1848 taceo),
1211 1771 1430 1833 nullam
1472 1777 1737 1833 statuere
1773 1770 1963 1850 potuit
2007 1771 2358 1848 veritatem,
2401 1770 2521 1833 nisi

348 1894 505 1958 quae
546 1894 655 1957 per
704 1894 986 1939 sensuum
1046 1876 1398 1941 affectiones
1461 1884 1810 1958 pararetur:
1876 1895 2030 1958 quae
2095 1894 2227 1939 cum
2283 1894 2521 1958 semper

344 1986 736 2063 variarentur,
780 1993 841 2048 ut
882 1986 1093 2048 eadem
1125 2004 1226 2049 res
1258 1988 1356 2049 alii
1398 1987 1516 2049 alia
1559 1993 1619 2048 et
1640 2003 1778 2048 esse
1803 1986 2108 2048 videretur
2130 1993 2190 2048 et
2211 1993 2395 2063 esset,
2440 2005 2521 2049 ex

340 2094 711 2175 Protagorae
770 2096 1006 2156 ratione
1064 2092 1154 2174 μὴ
1198 2098 1438 2173 μᾶλλον
1481 2086 1644 2156 εἶναι
1687 2100 1855 2155 τοῖον
1895 2087 1939 2172 ἦ
1978 2102 2146 2155 τοῖον
2189 2101 2364 2156 recte
2402 2095 2520 2157 iam

346 2210 389 2264 a'
425 2202 727 2264 veteribus
774 2202 1161 2265 observatum
1204 2207 1316 2264 est.
1399 2198 1628 2279 Ἀλλά,
1686 2208 1753 2264 ut
1792 2201 2085 2264 Plutarchi
2130 2201 2332 2264 verbis
2388 2208 2522 2265 utar

341 2327 481 2390 pag.
528 2308 626 2371 90.
673 2309 904 2389 citatiS‚
948 2305 1240 2393 τοσσῦτὸν
1280 2330 1347 2390 γε
1391 2307 1790 2388 Δημόκριτος
1835 2308 2066 2371 α’ποδεῖ
2092 2310 2209 2371 τοῦ
2246 2310 2522 2388 νομίζειν

341 2413 427 2497 μή
472 2418 710 2495 μᾶλλον
748 2410 911 2480 εἶναι
948 2423 1115 2478 τοῖον
1153 2409 1196 2498 ἢ
1234 2422 1416 2494 τοῖον,
1460 2411 1624 2478 ὥστε
1666 2412 2073 2504 Πρωταγόρᾳ
2109 2417 2197 2502 τῷ
2245 2418 2523 2503 σοφιστῇ

346 2526 527 2585 τοῦτο
571 2521 809 2586 εἰπόντι
847 2527 1267 2606 μεμαχῆσθαι
1319 2524 1439 2586 καί·
1465 2525 1849 2607 γεγραφέναι
1886 2522 2087 2588 πολλοὶ
2132 2526 2241 2588 καί
2279 2521 2519 2587 πιθανοὶ

357 2625 520 2711 πρὸς
585 2626 792 2693 αὐτόν.
881 2631 1054 2694 Conf.
1093 2633 1255 2696 Sext.
1297 2632 1515 2712 Empir.
1558 2631 1677 2694 loc.
1736 2632 1958 2694 ibidem
2016 2631 2196 2695 indic.
2243 2640 2306 2695 et
2342 2635 2522 2713 Diog.
2631 2690 2648 2709 -„

357 2736 554 2800 Laert.
597 2737 700 2801 lib.
742 2738 842 2801 IX.
889 2746 950 2816 s.
994 2738 1095 2802 42.
1180 2738 1353 2803 Unde
1416 2758 1591 2819 quum
1655 2746 1890 2802 constet
1947 2741 2347 2804 Democritum
2408 2741 2523 2804 hac

351 2846 482 2926 ipsa
528 2846 604 2907 de
664 2864 732 2908 re
780 2866 813 2910 a
854 2847 1182 2928 Protagora
1247 2847 1645 2926 dissensisse,
1706 2852 1968 2910 nostrum
2032 2854 2126 2910 est
2178 2848 2316 2927 quid
2380 2847 2524 2911 illud

345 2953 525 3017 fuerit
567 2954 928 3019 discriminis
972 2957 1293 3036 explicare.
1378 2956 1490 3019 Est
1543 2972 1690 3019 vero
1729 2955 1887 3020 idem
1930 2956 2106 3035 illud,
2164 2956 2322 3037 quod
2363 2956 2524 3019 Her-

345 3079 599 3124 mannus
642 3063 847 3125 verbis
904 3063 1194 3126 indicavit
1236 3082 1415 3145 supra
1459 3065 1759 3128 exhibitis.
1844 3064 2181 3128 Secundum
2226 3065 2524 3147 Protago-

345 3188 476 3232 ram
520 3171 679 3231 enim
721 3189 852 3232 cum
896 3171 1041 3233 nibil
1081 3175 1156 3234 sit
1200 3174 1317 3235 nisi
1359 3192 1514 3254 quae
1556 3174 1618 3235 in
1666 3191 1879 3237 sensus
1923 3172 2184 3251 cadant,
2240 3191 2524 3237 sensuum

349 3277 413 3339 in
478 3277 751 3340 omnibus
816 3296 1206 3360 quaecunque
1275 3288 1413 3343 sunt
1474 3283 1653 3344 unica
1715 3281 1864 3344 fides
1927 3289 2043 3345 est.
2147 3280 2524 3348 Democritus

351 3403 499 3448 vero
547 3403 678 3447 cum
720 3385 900 3449 rebus
941 3389 1325 3450 sensibilibus
1367 3396 1699 3451 atomorum
1742 3397 2032 3470 supponat
2074 3395 2134 3452 et
2173 3392 2344 3471 spatii
2386 3394 2526 3453 ina-
2602 3450 2612 3463 ,

346 3494 443 3556 nis
482 3493 686 3557 veram
731 3497 1077 3574 essentiam,
1115 3512 1270 3576 quae
1312 3514 1436 3559 non
1478 3498 1756 3559 sensibus
1798 3500 2200 3579 percipiatur,
2243 3500 2525 3564 sensibus

342 3601 404 3662 in
447 3604 575 3683 ipsa
643 3605 1073 3684 cognoscenda
1143 3611 1305 3666 certa
1352 3606 1607 3668 veritate
1648 3607 1866 3689 exigua
1927 3613 2151 3670 tantum
2211 3614 2305 3670 est
2347 3608 2519 3672 tides.

339 3708 669 3774 Democriti
734 3711 918 3794 igitur
981 3711 1177 3793 μηδὲν
1248 3714 1487 3792 μᾶλλον
1556 3715 1838 3777 τοιαῦτ.ον
1902 3705 1944 3794 ἢ
2006 3715 2285 3777 τοιοῦτον
2355 3708 2524 3780 εἶναι

349 3817 714 3896 (Simplicius
748 3822 809 3882 in
835 3819 1088 3905 Physica
1135 3820 1238 3882 sol.
1283 3820 1398 3898 7.)‚
1438 3838 1614 3902 quum
1655 3839 1800 3884 vera
1850 3824 2112 3884 essentia
2156 3840 2279 3885 non
2317 3824 2380 3887 in
2428 3841 2529 3887 re-

345 3921 459 3985 bus
484 3925 886 4005 sensibilibus,
932 3927 1008 3991 ad
1046 3945 1194 4009 quas
1237 3928 1425 3991 verba
1467 3929 1566 3991 illa
1610 3932 1930 4011 pertinent,
1972 3931 2166 4011 posita
2191 3933 2289 4011 sit,
2332 3934 2527 3996 minus

345 4031 472 4093 late
513 4040 716 4115 patet,
778 4037 913 4117 quia
974 4038 1038 4104 in
1098 4039 1286 4119 ipsam
1330 4016 1654 4100 essentiam
1716 4056 1838 4100 non
1896 4038 2074 4102 valet.
2159 4040 2526 4122 Protagorae

351 4157 500 4203 vero
547 4138 635 4222 μὴ
696 4144 934 4219 μᾶλλον
985 4138 1147 4209 εἶναι
1205 4153 1371 4208 τοῖον
1416 4138 1454 4228 ἢ
1497 4154 1667 4209 τοῖον
1729 4148 1792 4209 in
1849 4149 2047 4211 omnia
2113 4148 2273 4210 valet
2332 4165 2523 4227 quae.

352 4267 587 4332 cunque
641 4256 809 4327 sunt,
868 4252 1001 4331 quia
1065 4252 1209 4315 nihil
1274 4259 1366 4316 est
1420 4261 1663 4334 praeter
1701 4272 1776 4317 ea
1820 4273 1975 4336 quae
2014 4255 2292 4319 sensibus
2338 4272 2529 4336 appa-

365 4366 522 4423 rent.
602 4360 800 4440 Atque
843 4377 977 4424 cum
1034 4379 1112 4424 ex
1154 4362 1522 4447 Protagorae
1569 4364 1788 4445 placito
1833 4382 1937 4428 res
1998 4361 2317 4428 sensibiles
2368 4362 2525 4425 adeo
