2975 4959
1270 252 1806 323 —166—

461 438 746 517 ignorare
770 437 1018 499 videtur.
1067 434 1236 500 Cons.
1263 434 1524 497 Cramer.
1553 435 1783 497 Anecd.
1812 435 1993 496 Paris.
2018 433 2140 499 vol.
2163 436 2201 497 1.
2233 453 2370 517 pag.
2404 435 2617 516 1793)

451 544 726 611 Attamen
771 547 1045 626 ingentes
1086 526 1450 624 Protagorae
1495 544 1771 620 divitiae,
1831 561 1977 624 quas
2022 543 2132 605 sibi
2180 522 2617 625 docendopa-

449 663 680 733 rasset,
743 656 805 716 in
845 654 1222 734 proverbium
1271 670 1460 731 paene
1508 659 1859 714 cesserunt:
1915 652 2034 715 vid.
2081 653 2221 713 Plat.
2251 635 2422 716 Men.
2473 672 2612 735 pag.

451 763 549 825 91.
591 764 642 824 D
677 810 694 841 ,
741 761 980 826 Theaet.
1023 778 1162 840 pag.
1209 759 1341 820 161.
1386 760 1435 819 D
1479 766 1540 819 et
1590 759 1730 820 179.
1779 760 1876 837 A,
1920 759 2139 821 Athen.
2183 759 2283 821 lib.
2333 758 2430 821 111.
2470 778 2607 841 pag.
2685 775 2696 797 ²

452 870 588 931 113.
633 871 706 931 E.
789 871 984 949 Atque
1029 869 1271 945 insuper
1325 867 1547 945 primus
1606 866 1659 927 is
1718 866 2205 947 philosophorum
2267 868 2607 928 mercedem
2657 936 2663 941 ,

447 978 727 1059 exigebat
787 995 819 1038 a
881 976 1222 1055 discipulis:
1287 992 1436 1054 ergo
1502 974 1786 1036 sordidae
1854 981 1985 1037 erat
2049 976 2339 1037 avaritiae
2407 975 2608 1046 homo.

340 1060 371 1121 ‘.
444 1085 530 1148 Ita
573 1086 734 1147 aiunt
775 1085 1059 1165 plerique.
1143 1084 1288 1146 Nam
1330 1082 1595 1145 Geelium
1639 1099 1973 1162 quanquam
2016 1081 2353 1144 Aristotelis
2394 1089 2613 1147 aucto,

445 1194 591 1256 ritas
629 1194 961 1277 permovit,
1025 1174 1512 1272 ut'Protagoram
1561 1206 1680 1251 non
1732 1196 1850 1251 tam
1895 1196 2122 1269 putaret
2163 1190 2612 1270 argentisseupi-

446 1303 581 1364 dum
623 1320 798 1381 quam
842 1307 1082 1365 ceteros
1124 1300 1443 1379 sophistaS,
1486 1305 1683 1361 tamen
1731 1298 2087 1361 mercatoria
2131 1299 2325 1377 potius
2367 1304 2426 1359 et
2456 1316 2606 1360 eau-

443 1411 690 1491 ponaria
733 1409 788 1471 ei
836 1409 1069 1471 videtur
1108 1403 1260 1469 illius
1324 1407 1687 1484 liberalitaS‚
1727 1423 1899 1485 quam
1944 1425 2088 1469 vere
2133 1409 2391 1487 ingenua
2434 1415 2604 1488 (pag.

449 1518 639 1594 117.).
692 1504 999 1578 Herbstius
1039 1513 1233 1576 autem
1271 1530 1407 1595 pag.
1438 1512 1574 1576 140.
1602 1513 1968 1593 disciplinae
2008 1515 2411 1596 Protagoreae
2432 1515 2609 1577 finem

443 1626 703 1687 ultimum
743 1624 887 1686 dicit
908 1623 1243 1703 pecuniam,
1267 1621 1668 1702 linguamque,
1689 1639 1804 1703 qua
1829 1622 2069 1685 divitiae
2091 1629 2456 1703 pararentur,
2495 1638 2606 1685 so..

370 1772 377 1775 ‡
441 1735 674 1814 phistae
694 1733 904 1793 Deum..
931 1731 1290 1804 Quibuscum
1309 1731 1685 1797 consentiunt
1705 1729 1833 1792 fere
1854 1730 2204 1793 Gerlachius
2224 1732 2389 1799 Stud.
2404 1732 2609 1793 histor.

441 1858 577 1921 pag.
592 1839 688 1901 95.
708 1845 767 1901 et
780 1856 832 1918 q.
851 1858 979 1919 sqq.
994 1837 1105 1914 W)
1120 1845 1183 1899 et
1196 1838 1635 1901 Baumhauerus
1653 1838 1756 1903 lib..
1767 1856 1903 1920 pag.
1926 1839 2058 1901 114.
2078 1838 2196 1900 ind.
2214 1857 2351 1920 pag.
2370 1839 2469 1901 31.
2483 1845 2541 1900 et
2555 1857 2614 1919 q.

441 1967 570 2030 sqq.
589 1949 681 2010 Ad
703 1948 856 2028 quod
874 1956 935 2010 ut
949 1954 1085 2027 post
1099 1947 1477 2009 Welckerum
1500 1947 1661 2023 (libr.
1678 1926 1836 2009 laud.
1855 1963 1988 2027 pag.
2009 1948 2104 2027 28.
2120 1953 2181 2009 et
2201 1965 2258 2027 q.
2276 1957 2476 2028 seqq.)
2492 1963 2607 2011 nos

440 2057 910 2137 respondeamus
944 2058 1045 2117 vix
1069 2072 1216 2135 opus
1238 2055 1510 2123 videtur.
1537 2056 1655 2117 Iam
1700 2062 1838 2116 ante
1856 2055 2240 2136 Protagoram
2266 2063 2428 2118 artes
2450 2056 2606 2118 libe-

442 2166 600 2227 rales
622 2167 814 2246 pretio
838 2166 1205 2227 tradiderunt
1222 2165 1454 2243 musici,
1471 2166 1756 2246 pictoreS,
1770 2164 2067 2244 rhetores,
2089 2164 2210 2225 ludi
2230 2165 2605 2244 palaestrae-

442 2292 556 2355 que
602 2275 897 2355 magistri:
950 2274 1152 2353 quidni
1184 2275 1241 2334 ei
1273 2290 1511 2355 quoque
1531 2275 1689 2336 vitae
1713 2274 2136 2335 consulendum
2159 2272 2355 2352 fuerit,
2379 2274 2477 2353 qui
2503 2271 2608 2335 ar-'

440 2389 557 2444 tem
616 2382 864 2443 doceret
902 2381 1252 2460 politicam?
1339 2381 1526 2461 Ipsius
1569 2383 1839 2446 Socratis
1886 2376 2302 2462 discipulorum
2345 2380 2610 2445 nonnulli

439 2493 804 2572 Protagorae
855 2489 1182 2569 exemplum
1232 2490 1431 2570 paullo
1473 2496 1609 2570 post
1634 2493 1823 2552 secuti
1847 2497 2021 2552 sunt:
2069 2508 2194 2551 non
2221 2508 2428 2553 omnes
2452 2492 2610 2553 enim

443 2605 616 2661 erant
684 2586 982 2660 Aristonis
1039 2598 1140 2660 filii
1201 2600 1369 2680 regia
1428 2616 1507 2660 ex
1571 2605 1753 2679 gente
1806 2599 2060 2664 oriundi.
2148 2599 2355 2672 Quid?
2412 2601 2607 2681 poetis

441 2707 609 2788 quod·
664 2706 920 2769 divinam
984 2706 1317 2769 venderent
1378 2707 1696 2779 Camenam
1758 2723 1935 2768 nemo
2000 2708 2230 2770 crimini
2294 2708 2603 2770 vertebat:

431 2815 718 2878 Abderita
752 2862 768 2892 ,
852 2816 952 2895 qui
1022 2823 1209 2876 artem
1272 2815 1663 2895 sophisticam
1733 2835 1768 2878 a
1825 2833 1894 2878 se
1955 2815 2255 2877 conditam
2315 2817 2398 2878 ita
2467 2834 2600 2879 cum

430 2922 897 2986 Atheniensibus
944 2922 1450 3000 communicaret,
1510 2930 1575 2983 ut
1634 2930 1858 2985 certum
1917 2921 2171 3003 pretium
2216 2926 2605 2986 constitueret

432 3029 683 3106 nullum,
724 3029 836 3090 sed
878 3046 1002 3108 pro·
1027 3047 1134 3090 sua
1176 3029 1807 3109 quemque-voluntate
1848 3030 2114 3110 pendere
2156 3031 2421 3110 iuberet,
2463 3048 2610 3111 sor-⁴

562 3201 612 3268 *)
651 3201 817 3252 Locus
870 3201 1057 3252 misere
1095 3201 1235 3252 lacer
1291 3217 1407 3252 esse
1449 3203 1669 3253 videtur.
1745 3203 1916 3253 Verba
1968 3195 2061 3256 διὰ
2098 3206 2194 3266 τῆς
2225 3203 2499 3274 μουσικῆς
2533 3202 2600 3252 ab

424 3274 499 3331 iis,
529 3288 662 3340 quae
703 3281 984 3339 sequuntur
1019 3282 1135 3323 sunt
1172 3273 1515 3324 secernenda:
1552 3274 1643 3323 illa
1683 3275 1818 3324 enim
1857 3274 1921 3325 ad
1961 3274 2332 3339 Pythagoreos,
2370 3272 2598 3324 haecad

422 3345 752 3410 Protagoram
792 3346 1048 3409 pertinent
1083 3353 1237 3415 atque
1280 3360 1308 3394 e
1344 3343 1563 3412 singulis
1614 3346 2023 3407 annotationibus
2077 3345 2295 3395 conflata
2347 3360 2466 3395 esse
2510 3345 2596 3394 vi·-

421 3414 634 3478 dentur‚
687 3429 812 3482 quas
866 3416 918 3464 in
958 3418 1184 3481 margine
1234 3414 1348 3471 libri
1389 3417 1467 3467 sui
1513 3417 1807 3480 ascripserit
1851 3415 2036 3482 aliquis
2085 3415 2145 3465 ad
2183 3415 2353 3465 locum
2391 3415 2477 3481 qui
2524 3414 2592 3465 de
2644 3411 2648 3415 ’

420 3485 698 3552 Protagora
735 3486 962 3550 proxime
1006 3485 1265 3550 praecedit
1303 3487 1426 3552 (vid.
1467 3501 1586 3552 pag.
1624 3487 1752 3552 35.).
1822 3479 1921 3540 τὸν
1952 3493 2327 3556 χαριέστατον
2380 3485 2595 3554 τρόπον

419 3561 514 3619 τῆς
567 3557 923 3620 οἷπαιτήσεως
980 3558 1077 3610 τοῦ
1131 3557 1348 3628 μισθοῦ
1401 3560 1557 3617 ἔταξε
1613 3556 1678 3606 ad
1736 3556 2060 3623 Protagoram
2122 3565 2240 3606 sunt
2299 3555 2591 3606 referenda.

419 3627 664 3680 Πλάτων
700 3628 787 3675 vix
827 3626 929 3676 alia
962 3628 1161 3676 ratione
1201 3628 1424 3691 positum
1464 3635 1607 3689 erat,
1655 3643 1804 3693 quam
1840 3637 1895 3678 ut
1933 3628 2075 3678 Plato
2112 3635 2289 3676 auctor
2323 3625 2586 3676 indicare-

422 3705 532 3758 tur,
584 3713 648 3747 ex
689 3712 790 3763 quo
826 3697 963 3764 quod
999 3697 1064 3746 de
1115 3698 1424 3763 Protagorae
1476 3697 1714 3748 mercede
1767 3707 1995 3748 narraret
2041 3699 2259 3762 scriptor
2310 3698 2587 3762 repetitum

426 3774 581 3825 esset.
655 3766 801 3829 Quod
847 3768 891 3817 si
940 3768 1010 3816 ita
1051 3775 1161 3830 est,
1216 3765 1287 3822 ἄν
1374 3769 1434 3820 ὲν
1468 3771 1725 3836 βούληται
1763 3768 2014 3836 reliquiae
2052 3776 2168 3818 sunt
2204 3767 2427 3817 Platonis
2466 3782 2594 3817 ver-

424 3836 604 3886 borum
642 3852 706 3886 ex
744 3837 1042 3903 loco‘quem
1074 3853 1228 3902 supra
1265 3853 1293 3888 e
1366 3839 1585 3889 ibuimus
1629 3841 2012 3904 exscriptorum.
2060 3839 2316 3904 οῖθλητιῦν
2347 3838 2594 3887 emenda-
2657 3892 2661 3897 ,

429 3915 535 3957 tum
570 3914 650 3956 est
681 3921 797 3973 pag.
835 3907 916 3961 76.
975 3907 1051 3958 De
1091 3910 1292 3975 integra
1321 3910 1546 3974 ipsorum
1587 3910 1859 3961 verborum
1898 3911 2221 3960 restitutione
2243 3923 2342 3974 ego
2363 3908 2602 3974 despero.

507 3985 513 3994 “
573 3994 667 4061 Μ)
710 3993 856 4056 Quod
878 3996 922 4044 is
948 4010 1065 4061 pag.
1092 3995 1178 4046 97.
1219 3995 1445 4061 profert.
1489 3997 1636 4059 „Wie
1677 3996 1812 4046 deun
1836 3996 2144 4047 namentlich
2178 4011 2279 4045 von
2301 3996 2607 4060 Protagoras

433 4063 670 4114 erwiihnt
694 4064 842 4127 wird‚
881 4064 997 4114 dass
1024 4081 1078 4114 er
1097 4065 1368 4132 bestandig
1388 4066 1485 4115 den
1510 4068 1631 4116 Vers
1654 4065 1743 4117 des
1762 4066 2093 4132 Epicharmos
2116 4069 2182 4116 im
2202 4064 2385 4115 Munde
2404 4065 2572 4114 sfihrte
2589 4080 2605 4112 ε

658 4135 724 4188 ‘A
761 4135 820 4186 δὲ
853 4141 979 4204 χεὶρ
1017 4129 1121 4189 τάν
1156 4147 1321 4206 χεῖρα
1358 4140 1507 4198 νίζει·
1584 4137 1681 4193 δός
1718 4157 1770 4189 τι
1804 4136 1912 4190 κᾶν
1945 4158 1998 4190 τι
2034 4133 2355 4208 λαμβάνοις.

501 4204 663 4267 „Eine
705 4205 848 4255 Hand
880 4204 937 4268 ja
970 4206 1170 4256 waseht
1207 4207 1288 4257 die
1325 4209 1513 4256 andre:
1552 4208 1807 4273 giebsmir
1848 4223 1973 4271 waS,
2019 4224 2077 4259 so
2116 4209 2227 4257 liast
2263 4207 2330 4255 du
2376 4210 2536 4255 was.“

429 4289 565 4324 mera
611 4275 659 4324 id
699 4274 953 4325 Get-lachii
990 4276 1167 4325 nititur
1201 4276 1550 4343 negligentia,
1590 4292 1689 4344 qua
1727 4278 2042 4345 Protagorae
2079 4277 2170 4328 ille
2211 4278 2425 4343 imputat
2459 4272 2601 4341 ‘quod
2671 4328 2684 4338 .

432 4343 497 4395 de
531 4345 750 4395 Prodico
789 4346 972 4395 dicitur
1010 4346 1225 4400 Axioch.
1267 4363 1387 4413 pag.
1421 4346 1545 4398 366.
1584 4347 1640 4397 C.
1673 4374 1682 4379 ,
