2975 4959
1203 287 1641 354 -5...

359 472 745 538 ιηεωῑιιιιι.
797 493 928 553 cap.
959 474 1001 535 1.
1053 482 1113 550 ς.
1146 476 1238 552 10,
1285 474 1502 536 minuo.
1547 474 1665 537 Fet.
1710 474 1924 538 eemv.
1970 492 2099 556 cap.
2144 438 2292 555 vm,
2337 480 2541 544 Theo..

357 581 554 662 philus
594 580 671 642 ad
713 581 911 646 Autol.
953 581 1057 644 lib.
1092 580 1187 644 lll.
1233 599 1363 663 cap.
1388 583 1424 644 7
1450 629 1468 661 ,
1529 582 1816 664 Epiphan.
1879 581 2016 646 adv.
2076 583 2252 648 Haer.
2295 586 2399 652 lib.
2438 588 2537 652 111.

364 697 508 752 tom.
551 689 618 751 ll.
669 706 805 770 pag.
858 688 1034 752 1088.
1079 688 1147 752 Β.

1221 947 1530 999 ctu-111·
1551 949 1679 1006 ‚11-

524 1113 840 1178 Difficilior
886 1119 980 1175 est
1019 1113 1096 1175 ad
1144 1112 1584 1175 diiudicandum
1628 1131 1703 1175 ea
1748 1114 1903 1176 inter
1947 1114 2274 1194 scriptores
2307 1112 2537 1176 discre-

357 1223 582 1303 pantia,
628 1240 782 1302 quae
826 1230 919 1284 est
959 1222 1035 1283 de
1079 1223 1446 1304 Protagorae
1493 1229 1678 1303 patre.
1764 1222 1885 1285 Alii
1926 1225 2083 1284 enim
2130 1222 2537 1308 Maeandrium

358 1330 454 1391 vel
513 1331 894 1394 Maeandrum
952 1331 1047 1392 vel
1111 1331 1536 1413 Menandrum,
1599 1331 1698 1393 alii
1761 1332 2148 1394 Artemonem
2214 1332 2543 1392 nominant.

355 1438 489 1501 Vid-
534 1439 710 1519 Πίος.
751 1439 948 1502 Laerl.
991 1438 1091 1502 lib.
1135 1439 1235 1504 IX.
1281 1446 1340 1513 S.
1373 1440 1495 1501 50:
1556 1436 1995 1520 Πρωταγόρας
2040 1439 2438 1518 Ἀρτέμωνος
2477 1430 2539 1518 ἦ,

357 1544 444 1618 ὥς
483 1545 965 1627 Ἀπολλόδωρος
1011 1543 1120 1607 καί
1144 1548 1353 1615 Δίνων
1396 1547 1462 1609 ἐν
1496 1550 1859 1628 Περσικοῖς,
1907 1548 2362 1627 Μαιανδρώυ.”
2394 1544 2537 1611 Phi·-

356 1654 526 1717 lostr.
568 1654 606 1716 l.
648 1654 725 1717 l.:
793 1652 1030 1735 Πατήρ
1088 1651 1209 1735 γάρ
1273 1647 1351 1734 ἦν
1410 1654 1587 1738 αὐτῷ
1636 1656 2033 1735 ΙΗαίανδρος.
2118 1654 2331 1717 Suidas
2374 1654 2415 1716 l.
2457 1655 2535 1717 l.:

350 1759 796 1844 Πρωταγόρας
837 1762 1225 1844 Ἀβδηρίτης
1268 1758 1407 1836 υἱός
1440 1754 1854 1841 Ἀρτέμωνος
1895 1755 1935 1844 ἢ
1976 1760 2084 1824 κατ’
2101 1763 2537 1841 Μαιανδρίου.

351 1870 624 1932 Eudocia
665 1869 765 1932 ed.
814 1869 1038 1931 VillOIS.
1082 1888 1218 1952 pag.
1268 1869 1431 1932 3562
1494 1866 1934 1950 Πρωταγόρας
1971 1868 2358 1953 Ἀβδηρίτης
2398 1866 2537 1944 υἱός

348 1974 750 2057 Ἀρτέμωνος
797 1968 838 2056 ἢ
880 1977 986 2037 καί
1025 1976 1461 2056 Μαιαιδρίου,
1507 1983 1826 2057 repetem,
1886 1984 1948 2039 ut
1991 1980 2256 2055 assolet,
2316 1977 2537 2042 Suidae

354 2085 558 2147 verba.
628 2083 842 2147 Schol.
892 2084 968 2145 ad
1010 2084 1152 2146 Ptat.
1194 2084 1359 2163 Reip.
1406 2083 1440 2144 l.
1488 2084 1568 2146 l.:
1638 2083 2075 2166 Πρωταγόρας
2129 2085 2539 2167 Ἀρτέμωηος

350 2188 756 2274 Ἀβδηρίτης.
822 2191 1115 2272 Epiphan.
1176 2191 1312 2252 adv.
1355 2192 1534 2253 Haer.
1574 2191 1674 2252 lib.
1719 2192 1812 2252 lll.
1862 2197 2004 2252 tom.
2042 2191 2113 2254 ΙΙ.
2155 2209 2294 2272 pag.
2344 2193 2535 2258 1088:

358 2298 802 2380 Πρωταγόρας
859 2297 890 2362 ὃ
945 2301 1061 2362 τοῦ
1122 2298 1510 2378 ΙΙΙενάνδρου
1574 2295 1983 2381 Ἀβδηρίτης.
2042 2337 2124 2354 -—
2188 2300 2532 2364 Artemonis

361 2405 540 2488 vulgo
588 2425 793 2469 verum
843 2423 1057 2468 nomen
1106 2413 1331 2486 putant,
1397 2414 1460 2467 ut
1515 2406 1869 2467 Welckerus
1921 2406 2068 2470 Mus.
2119 2407 2307 2470 Rhen.
2356 2407 2535 2472 1835.

355 2532 491 2597 pag.
534 2515 699 2593 425,
743 2516 888 2585 Lud.
933 2516 1109 2578 Ferd.
1152 2517 1467 2578 Herbstius
1511 2516 1689 2578 libelli
1735 2519 1828 2579 cui
1870 2517 2172 2598 inscripsit
2212 2518 2332 2579 Des
2379 2518 2534 2579 Pro-

361 2629 607 2705 tagoras
648 2624 847 2686 Leben
893 2624 1015 2686 und
1064 2624 1367 2704 Sophistik
1425 2641 1534 2685 aus
1594 2624 1710 2685 den
1756 2624 2008 2698 Quellen
2076 2643 2536 2708 zusammenge-

360 2731 520 2794 stellt
565 2733 814 2795 exhibiti
837 2734 933 2794 in:
985 2732 1782 2814 Philologisch-historische
1810 2734 2056 2796 Studien
2104 2733 2209 2795 auf
2245 2733 2316 2795 d.'
2348 2734 2527 2798 akad.

357 2840 641 2921 GymnaS.
699 2843 758 2903 in
816 2840 1161 2922 Hamburg‚
1239 2841 1522 2922 herausg.
1585 2859 1639 2902 v,
1706 2840 1841 2905 Chr.
1895 2841 2198 2902 Petersen.
2283 2841 2326 2902 1.
2372 2841 2526 2903 uest.

351 2966 489 3031 pag.
534 2949 670 3028 104,
709 2949 1129 3030 Bernhardyus
1174 2948 1250 3010 ad
1293 2948 1513 3011 Suidae
1557 2949 1593 3010 l.
1623 2949 1662 3010 l.
1747 2950 1810 3012 ln
1848 2951 2242 3031 scriptoribus
2291 2949 2532 3029 quidem

354 3075 508 3139 quos
566 3058 728 3122 attuli
769 3056 966 3122 >multo
1033 3058 1281 3139 gravior
1341 3064 1434 3119 est
1493 3076 1666 3138 quam
1713 3059 2002 3141 Diogenis
2055 3066 2115 3121 et
2167 3057 2531 3123 scholiastae

356 3168 687 3230 auctoritas
729 3184 977 3244 eorum,
1043 3168 1143 3246 qui
1185 3167 1517 3229 Maeandrii
1554 3165 1731 3229 lilium
1775 3168 2016 3246 dicunt,
2075 3167 2426 3248 Apollodori
2470 3173 2531 3232 et

345 3274 643 3350 DinoniS‚
705 3273 916 3354 quibus
984 3274 1279 3335 accedunt
1340 3273 1728 3335 Philostratus
1790 3267 1864 3337 et'
1914 3273 2319 3355 Epiphanius:
2390 3293 2528 3338 nam

347 3382 508 3463 quod
558 3381 655 3443 ille
693 3381 1111 3461 Maeandrum,
1178 3382 1279 3443 hic
1323 3382 1712 3445 Menandrum
1773 3390 1952 3445 vocat
2009 3402 2118 3464 pro
2158 3383 2528 3463 Maeandrio,

346 3491 565 3553 nullius
616 3491 903 3552 momenti
957 3496 1070 3551 est.
1152 3488 1367 3553 Suidas
1420 3507 1570 3552 vero
1614 3497 1675 3551 et
1719 3489 1987 3553 Eudocia
2030 3492 2117 3569 ad·
2148 3490 2311 3553 litem
2373 3490 2527 3553 diri...

345 3597 624 3660 mendam
648 3596 790 3660 nihil
815 3596 1150 3660 conserunt.
1193 3597 1414 3677 Quare,
1459 3598 1576 3660 nisi
1626 3597 1742 3661 alia
1786 3598 2109 3662 accederet
2152 3615 2356 3677 causa,
2400 3616 2525 3663 non

345 3722 587 3787 possem
642 3721 762 3788 ego
825 3705 1131 3787 vulgarem
1184 3708 1542 3769 sententiam
1601 3724 1724 3772 non
1786 3706 1997 3769 salsam
2055 3705 2302 3772 habere.
2402 3708 2526 3773 Sed

351 3832 526 3894 quum
571 3815 919 3877 Artemonis
977 3831 1197 3878 nomen
1253 3817 1409 3878 inter
1462 3814 1783 3878 Abderitas
1850 3815 2125 3879 usitatum
2191 3816 2378 3882 fuisse
2448 3835 2527 3886 ex

348 3924 614 4004 ipsorum
663 3926 861 3988 numis
912 3930 1198 4004 appareat
1241 3924 1396 4000 (vid.
1436 3924 1723 3987 Mionneti
1770 3919 2049 4006 descript.
2096 3926 2172 3987 de
2212 3925 2524 3989 medailles

350 4038 471 4095 ant.
547 4033 689 4096 to‘m.
736 4032 780 4094 1.
842 4050 978 4112 pag.
1019 4031 1162 4096 364.
1231 4050 1387 4095 num.
1430 4031 1577 4113 4.),
1642 4049 1811 4095 meus
1874 4051 2113 4117 quoque
2174 4035 2406 4096 animus
2463 4041 2527 4102 ut

352 4148 736 4203 Artemonem
794 4141 1164 4222 Protagorae
1225 4140 1553 4204 Abderitae
1610 4148 1835 4223 patrem
1892 4142 2081 4205 fuisse
2135 4122 2375 4204 credam
2421 4143 2525 4210 in·-

354 4250 551 4313 clinat.

549 4354 900 4442 Philostrato
963 4358 1016 4420 si
1073 4355 1248 4420 tidem
1311 4356 1539 4420 habere
1602 4358 1849 4437 liceret,
1916 4358 2276 4437 Protagoras
2336 4356 2526 4424 nobili
