2975 4959
1238 259 1831 345 -69-'

420 461 660 545 dialogo
685 468 881 525 autem
907 462 1123 544 dequo
1144 464 1448 542 quaeritur
1473 470 1533 524 et
1556 463 1813 525 Pericles
1838 462 2005 525 vivus
2048 469 2108 525 et
2146 451 2249 528 filii
2287 481 2584 545 praesen-

417 577 510 632 tes
536 578 958 647 memorantur,
996 577 1059 634 ut
1087 570 1307 651 dialogi
1337 577 1566 650 tempus
1591 587 1708 631 non
1737 576 1873 650 post
1906 568 2047 632 429.
2094 571 2430 651 ponendum
2473 576 2582 635 sit:

414 676 537 740 vid.
583 696 720 760 pag.
765 678 906 740 314.
947 678 1032 741 E:
1070 674 1316 760 Ἐπειδὴ
1363 680 1432 740 δὲ
1474 675 1871 759 εἰσήλθομεν,
1920 678 2339 759 κατελάβομεν
2384 685 2583 761 Πρω-

414 782 691 868 ταγόραν
728 791 794 851 ἐν
835 787 923 873 τῷ
959 780 1263 873 προσηόῳ
1305 788 1762 865 περιπατοῦντα
1790 810 1808 827 ·
1894 778 2033 867 ἑξῆς
2075 787 2138 848 δ’
2176 787 2377 848 αὐτοῦ
2422 809 2585 864 συμ-

416 889 833 975 περιεποῖτουν
884 897 954 959 ἐκ
1010 895 1130 974 μὲν
1182 896 1300 957 τοῦ
1352 894 1460 959 ε’πί
1500 889 1754 980 ζθᾶτερα
1824 898 2109 969 Καλλίας
2166 894 2199 957 ὅ
2235 894 2585 959 Ἱππονίκου

423 1002 534 1063 καὶ
570 997 847 1085 α’δελφὸς
890 1001 1094 1064 αὐτοῦ
1135 999 1593 1087 ὅὶὸμομήτριος
1632 1004 1939 1084 Πάραλος
1980 1002 2011 1064 ὃ
2049 1001 2440 1083 Περικλέους
2480 998 2592 1063 καὶ

420 1109 762 1191 Χαρμίδης
802 1105 835 1170 ὅ
879 1106 1293 1187 Γλαύκωνος,
1332 1111 1401 1171 ἐκ
1443 1111 1513 1172 δὲ
1553 1112 1667 1172 τοῦ
1711 1107 1815 1172 ε’πί
1850 1102 2092 1189 θᾶτερα
2137 1105 2169 1172 ὅ
2216 1111 2425 1189 ἕτερος
2464 1109 2587 1170 τῶν

419 1205 812 1299 Περικλέους
858 1211 1239 1288 Ξάνθιππος.
1284 1224 1345 1279 et
1385 1234 1524 1298 pag.
1567 1216 1709 1279 319.
1754 1216 1842 1279 E:
1908 1215 2085 1281 Ἀλλ’
2138 1216 2269 1303 ἰδίᾳ
2321 1215 2469 1299 ἡμῖν
2524 1212 2585 1277 οἱ

423 1318 785 1405 σοφώτατοι
827 1326 934 1387 καί
978 1316 1228 1407 ἄριστοι
1288 1327 1414 1387 τῶν
1461 1326 1730 1387 πολιτῶν
1772 1320 2006 1408 ταύτην
2058 1319 2171 1406 τήν
2231 1321 2457 1405 ἀρετὴν
2511 1320 2588 1404 ἢν

420 1428 676 1512 ἔχουσιν
721 1432 864 1513 ου’χ’
907 1424 1027 1497 οἷοί
1075 1454 1138 1495 τε
1178 1424 1390 1505 ἄλλοις
1436 1422 1881 1512 παραδιδόναι·
1967 1431 2105 1496 ἐπεὶ
2165 1433 2491 1511 Περικλῆς
2548 1428 2587 1492 o‘

415 1540 687 1601 τουτωνὶ
721 1540 845 1602 τῶν
877 1541 1213 1602 νεανίσκων
1254 1535 1460 1621 πατὴρ
1504 1535 1779 1619 τοιῗτους,
1820 1536 1864 1602 ἃ
1906 1543 2022 1619 μὲν
2062 1534 2460 1619 διδασκάλων
2501 1532 2588 1599 εἶ’.

403 1668 577 1727 χετο,
622 1649 826 1720 καλῶς
850 1670 913 1710 τε
936 1648 1043 1710 καί
1067 1641 1141 1710 εὖ
1167 1650 1561 1729 ἐπαίδευσεν,
1606 1644 1650 1710 ἃ
1678 1649 1747 1711 δὲ
1777 1644 1967 1722 αὐτὸς
1991 1644 2182 1732 σοφός
2225 1648 2413 1723 ἐστιν,
2441 1635 2585 1708 οὔτε

417 1752 604 1829 αὖτός
634 1750 921 1818 παιδεύει
945 1748 1083 1819 οὔτε
1107 1781 1191 1842 τῳ
1216 1750 1384 1843 ἄλλῳ
1418 1757 1871 1837 παραδίδωσιν.
1916 1757 2035 1819 Cfr.
2062 1758 2237 1818 etiam
2266 1775 2321 1835 p.
2340 1755 2482 1817 329.
2507 1754 2581 1817 A.

411 1862 542 1926 Huc
584 1864 742 1927 aliud
785 1853 1021 1927 accedit
1062 1866 1361 1927 indicium.
1426 1866 1853 1946 HippocrateS‚
1895 1866 2126 1928 iuvenis
2173 1865 2583 1942 Atheniensis,

410 1970 824 2053 pag.301.E:
869 1970 1013 2054 Ἐγώ
1036 1968 1174 2054 γάρ,
1218 1973 1421 2052 inquit,
1460 1966 1597 2050 ἅμα
1619 1976 1735 2051 μὲν
1763 1977 1872 2036 καί
1914 1969 2208 2053 νεώτερός
2255 1973 2414 2050 εἶμι,
2448 1964 2585 2050 ἅμα

413 2080 486 2143 δὲ
545 2076 696 2143 οὐδὲ
754 2074 1001 2161 ἑώρακα
1065 2081 1510 2162 Πρωταγόραν
1572 2076 1822 2145 πώποτε
1885 2081 2019 2143 οὐδ’
2078 2079 2318 2161 α’κήκοα
2377 2079 2584 2141 οὐδέν·

410 2181 502 2249 ἔτι
543 2184 668 2271 γὰρ
716 2195 866 2261 παῖς
908 2179 987 2270 ἦ,
1045 2180 1145 2250 ὅτε
1183 2184 1249 2251 τὸ
1315 2181 1624 2271 πρότερον
1664 2187 2069 2270 ἐπεδήμησεν.
2153 2187 2315 2249 Inter
2360 2187 2583 2267 Hippo-

414 2301 639 2358 cratem
678 2312 972 2376 puerum,
1029 2297 1130 2377 qui
1187 2296 1673 2377 philosophorum
1731 2297 2225 2376 disputationibus
2283 2297 2576 2357 interesse

408 2403 673 2494 nondum
712 2403 932 2483 potuit,
995 2410 1055 2465 et
1096 2404 1413 2481 iuvenem,
1470 2403 1701 2486 qualem
1746 2422 1815 2467 se
1860 2403 2016 2485 apud
2060 2404 2357 2466 Platonem
2387 2404 2578 2484 gerit,

411 2510 622 2573 decem
668 2512 798 2573 fere
842 2529 1034 2574 annos
1074 2513 1125 2574 si
1165 2512 1608 2593 praeterlapsos
1657 2530 1796 2575 esse
1839 2519 2108 2591 statuas,
2161 2530 2350 2575 annus
2392 2513 2578 2573 circi-

407 2624 503 2681 ter
540 2616 682 2683 435.
725 2620 945 2698 evadit,
992 2638 1109 2702 quo
1153 2621 1514 2702 Protagoras
1559 2623 1770 2684 iterum
1816 2621 2085 2684 Athenas
2122 2623 2388 2684 venerit:
2446 2639 2579 2682 nam

407 2722 549 2791 445.
595 2729 847 2791 Athenis
902 2729 1230 2810 profectum
1278 2730 1555 2793 vidimuS.

490 2836 664 2899 Aliud
682 2835 1028 2899 Athenaeus
1052 2844 1277 2918 tempus
1299 2838 1412 2900 sibi
1434 2839 1619 2917 finxit,
1642 2839 1739 2918 qui
1757 2838 1859 2899 lib.
1878 2838 1945 2901 V.
1973 2856 2106 2920 pag.
2135 2838 2271 2900 218.
2292 2838 2467 2899 B--C
2495 2839 2575 2898 ita

404 2946 822 3008 ratiocinatur:
852 2947 1118 3010 Socratis
1145 2964 1275 3008 cum
1298 2947 1625 3028 Protagora
1649 2946 2008 3027 colloquium
2034 2947 2293 3009 habitum
2323 2953 2414 3008 est
2441 2952 2577 3026 post

406 3062 656 3117 mortem
677 3056 1008 3136 Hipponici‚
1041 3074 1216 3136 quum
1238 3056 1451 3117 Callias
1476 3054 1865 3117 hereditatem
1892 3057 2005 3118 iam
2031 3056 2281 3133 adierat,
2307 3064 2364 3116 et
2387 3056 2574 3117 tribus

406 3163 643 3244 quidem
699 3165 910 3226 diebus
965 3172 1101 3245 post
1158 3182 1330 3245 quam
1395 3165 1756 3245 Protagoras
1816 3166 2025 3227 iterum
2066 3166 2334 3227 Athenas
2384 3166 2567 3226 venit.

340 3347 345 3354 ἢ
403 3271 802 3352 HipponicuS‚
846 3272 943 3352 qui
990 3289 1120 3334 cum
1166 3274 1336 3335 Nicia
1381 3273 1457 3334 ad
1504 3273 1833 3354 Tanagram
1886 3274 2147 3335 Boeotos
2188 3275 2368 3349 vicit,
2414 3273 2570 3334 haud

402 3379 486 3440 ita
554 3380 654 3441 diu
708 3386 855 3441 ante
897 3379 1181 3442 Alcaeum
1224 3380 1571 3443 archontem
1634 3384 1762 3442 sive
1816 3380 2168 3461 olympiadis
2212 3382 2573 3441 undenona-

403 3488 674 3567 gesimae
718 3476 933 3549 annum
975 3490 1207 3550 tertium
1250 3495 1513 3551 mortuus
1558 3506 1698 3549 esse
1754 3488 2016 3550 videtur:
2078 3506 2213 3548 nam
2258 3489 2316 3547 in
2359 3487 2571 3567 Eupo-

401 3594 537 3657 lidis
578 3596 1104 3674 AssentatoribuS‚
1168 3614 1322 3677 quae
1387 3596 1505 3657 hoc
1538 3614 1709 3658 -anno
1758 3602 2060 3672 acta-est,
2126 3594 2340 3656 Callias
2386 3596 2464 3657 ita
2508 3596 2570 3657 in

405 3718 645 3765 scenam
688 3703 1025 3786 inducitur,
1084 3711 1145 3767 ut
1190 3704 1347 3766 haud
1395 3705 1473 3766 ita
1516 3704 1698 3786 longo
1746 3722 1823 3766 ex
1866 3711 2132 3783 tempore
2176 3702 2415 3766 divitias
2456 3722 2572 3784 pa-

402 3814 605 3872 ternas
671 3819 877 3874 tenere
942 3813 1230 3875 videatur.
1344 3814 1730 3894 Protagoram
1787 3830 1933 3874 vero
1999 3812 2151 3873 inter
2217 3812 2569 3893 olympiadis

402 3922 810 3999 octogesimae
864 3939 1061 3983 nonae
1106 3940 1322 3992 annum
1364 3926 1613 4002 primum
1663 3929 1722 3984 et
1765 3922 1996 3983 tertium
2040 3922 2252 3983 iterum
2298 3923 2567 3985 Athenas

401 4027 643 4089 venisse
699 4029 838 4090 inde
894 4037 1182 4111 apparet,
1249 4031 1409 4111 quod
1456 4033 1515 4093 in
1562 4032 1868 4111 Amipsiae
1919 4029 2130 4093 Conno
2171 4029 2415 4093 lsarcho
2459 4049 2568 4093 ar·-

398 4134 619 4198 chonte
664 4136 840 4198 docta
884 4139 945 4200 in
990 4139 1388 4220 sophistarum
1436 4139 1624 4200 choro
1657 4156 1777 4201 non
1818 4145 2210 4219 memoratur,
2251 4140 2313 4199 in
2355 4137 2565 4218 Eupo-

393 4242 1042 4333 lidis—Assentatoribus
1085 4256 1280 4311 autem
1325 4265 1614 4330 praesens
1654 4249 1714 4309 in
1750 4265 1996 4310 scenam
2018 4248 2330 4310 inducitur.
2376 4247 2564 4308 Etiam

390 4351 636 4431 Hippias
677 4369 824 4416 vero
867 4354 1082 4436 aliique
1122 4356 1254 4422 Elei
1296 4356 1517 4440 dialogi
1562 4357 1882 4439 participes
1937 4362 2114 4436 sunt,
2172 4356 2271 4436 qui
2329 4352 2567 4435 quidem
